=LDR  01202cam a2200325 c 4500
=001  990000068664702201
=003  BIBSYS
=005  20191115142456.0
=007  ta
=008  150206s1999\\\\xx#|||||||||||000|u|eng|d
=020  \\$a0967530008$qh.
=035  \\$a(NMUS)51825
=035  \\$a(NO-TrBIB)000006866
=035  \\$a000006866-47bibsys_network
=040  \\$aNO-TrBIB$bnob$ekatreg
=100  1\$aPatterson, Richard$0(NO-TrBIB)90507137
=245  10$aRichard Patterson :$bnew paintings$cwith a short story by J.G. Ballard
=260  \\$aNew York$bJames Cohan Gallery$c1999
=300  \\$a47 s.$bill.
=500  \\$a"... published to accompany an exhibition of new paintings by Richard Patterson at James Cohan Gallery ... New York, from October 22 to November 27, 1999" - Kolofonsiden
=600  17$aPatterson, Richard$0(NO-TrBIB)90507137$2bare
=600  17$aPatterson, Richard$d1963-$2aatnor
=650  \7$aMalere$zStorbritannia$2tekord
=653  \6$aSmåtrykk
=653  \6$aUtstilling
=700  12$aBallard, J.G.$d1930-2009$0(NO-TrBIB)90199005$tThe Overloaded Man$1http://viaf.org/viaf/311471561
=710  2\$aJames Cohan Gallery$0(NO-TrBIB)43554

