=LDR  00562cam a22002173c 4500
=001  990107337444702201
=003  BIBSYS
=005  20160114164830.0
=007  ta
=008  010419s1985\\\\xx#|||||||||||000|u|eng|\
=020  \\$a0671648772$qh.
=035  \\$a(NO-TrBIB)010733744
=035  \\$a010733744-47bibsys_network
=040  \\$aNO-OsNB$bnob$ekatreg
=100  1\$aBallard, J.G.$1http://viaf.org/viaf/9842556$4http://rdaregistry.info/Elements/w/object/P10061
=240  10$aEmpire of the sun$1http://viaf.org/viaf/180997771
=245  10$aEmpire of the sun$cJ. G. Ballard
=260  \\$aNew York$bPocket Books$c1985
=300  \\$a375 s.

