=LDR  00883cam a2200241 c 4500
=001  990413872604702201
=003  BIBSYS
=005  20170126151801.0
=007  ta
=008  040611s2003\\\\xx#|||||||||||000|0|swe|\
=020  \\$a9170184917$qh.
=035  \\$a(NO-TrBIB)041387260
=035  \\$a041387260-47bibsys_network
=040  \\$aNO-OsNB$bnob$ekatreg
=082  74$a809.3$qNO-OsNB$25/nor
=100  1\$aHolmberg, John-Henri$d1949-$0(NO-TrBIB)90505717
=245  10$aInre landskap och yttre rymd$bscience fictions historia$nD. 2$pFrån J.G. Ballard till Gene Wolfe
=260  \\$aLund$bBibliotekstjänst$c2003
=300  \\$a621 s.
=653  \\$ascience$afiction$ahistorisk$aframstilling
=773  08$iInkludert i$aHolmberg, John-Henri, 1949-$tInre landskap och yttre rymd$dLund : Bibliotekstjänst, 2002-2003$gD. 2$w990400951424702201

