=LDR  01018cjm a2200313 c 4500
=001  990611140224702201
=003  BIBSYS
=005  20171108160820.0
=007  sd\f||||||||||
=008  150206s1987\\\\xx#||||\||||||||||||und|d
=028  03$a25668-2
=035  \\$a(NO-TrBIB)061114022
=040  \\$aNO-TrBIB$bnob$ekatreg
=100  1\$aWilliams, John$d1932-$0(NO-TrBIB)5056598$1http://www.wikidata.org/entity/Q131285$4http://rdaregistry.info/Elements/w/object/P10055
=240  \\$aEmpire of the sun$1http://www.wikidata.org/entity/Q3724830
=245  10$aEmpire of the sun$cJohn Williams$h[lydopptak]
=260  \\$a[S.l.]$bWarner Bros.$c1987
=300  \\$a1 plate (CD)
=380  \\$aFilmmusikk$2emnmus
=500  \\$aFilmen bygger på en roman av J.G. Ballard.
=500  \\$aNorsk tittel: Solens rike
=500  \\$aRolleliste: John Malkovich, Miranda Richardson, Nigel Havers.
=500  \\$aWarner 25668-2
=700  1\$aSpielberg, Steven$d1946-$0(NO-TrBIB)90116975
=700  12$aBallard, J.G.$d1930-2009$tEmpire of the sun$0(NO-TrBIB)90199005
=730  1\$aEmpire of the sun$1http://viaf.org/viaf/293611582$4http://rdaregistry.info/Elements/w/object/P10245
=740  0\$aSolens rike
=740  0\$aThe China odyssey

