=LDR  00626cja a2200205 c 4500
=001  990611140574702201
=003  BIBSYS
=005  20190130101006.0
=007  sd\f||||||||||
=008  060711s1987\\\\xx#||||\||||||||||||und|d
=035  \\$a(NO-TrBIB)061114057
=040  \\$aNO-TrBIB$bnob$ekatreg
=130  \\$aSuo Gan$1http://www.wikidata.org/entity/Q3724830/suagan
=100  0\$aThe Ambrosian junior choir$0(NO-TrBIB)6054376
=245  10$aSuo Gan$h[lydopptak]
=260  \\$c1987
=380  \\$aFilmmusikk$2emnmus
=700  1\$aSpielberg, Steven
=700  12$aBallard, J.G.$d1930-2009$tEmpire of the sun
=730  1\$aEmpire of the sun$1http://viaf.org/viaf/293611582$4http://rdaregistry.info/Elements/w/object/P10245
=773  0\$aWilliams, John$tEmpire of the sun$d[S.l.] : Warner Bros., 1987$w990611140224702201

