=LDR  00578cja a2200193 c 4500
=001  990611140654702201
=003  BIBSYS
=005  20190130101006.0
=007  sd\f||||||||||
=008  060711s1987\\\\xx#||||\||||||||||||und|d
=035  \\$a(NO-TrBIB)061114065
=040  \\$aNO-TrBIB$bnob$ekatreg
=100  1\$aWilliams, John$d1932-$0(NO-TrBIB)5056598$1http://www.wikidata.org/entity/Q131285$4http://rdaregistry.info/Elements/w/P10053
=240  \\$aCadillac of the skies$1http://www.wikidata.org/entity/Q3724830/cadillacoftheskies
=245  00$aCadillac of the skies$h[lydopptak]
=260  \\$c1987
=380  \\$aFilmmusikk$2emnmus
=700  1\$aSpielberg, Steven
=700  12$aBallard, J.G.$d1930-2009$tEmpire of the sun
=730  1\$aEmpire of the sun$1http://viaf.org/viaf/293611582$4http://rdaregistry.info/Elements/w/object/P10245
=773  0\$aWilliams, John$tEmpire of the sun$d[S.l.] : Warner Bros., 1987$w990611140224702201

