=LDR  00838cam a2200253 c 4500
=001  990615550454702201
=003  BIBSYS
=005  20210605100507.0
=007  ta
=008  150206s2007\\\\xx#|||||||||||000|f|eng|d
=020  \\$a0007232470$qh.
=020  \\$a9780007232475$qh.
=035  \\$a(NO-TrBIB)061555045
=035  \\$a061555045-47bibsys_network
=040  \\$aNO-TrBIB$bnob$ekatreg
=080  \\$a820
=100  1\$aBallard, J.G.$d1930-2009$0(NO-TrBIB)90199005$1http://viaf.org/viaf/9842556$4http://rdaregistry.info/Elements/w/object/P10061
=240  10$aKingdom Come$1http://viaf.org/viaf/3952163159958701640003
=245  10$aKingdom come$cJ.G. Ballard
=260  \\$aLondon$bHarperCollins$c2007
=300  \\$a280, 16 s.
=856  42$3Forlagets beskrivelse (kort)$uhttps://contents.bibs.aws.unit.no/content/?isbn=9780007232475
=856  42$3Forlagets beskrivelse (lang)$uhttps://contents.bibs.aws.unit.no/content/?isbn=9780007232475

