=LDR  00838cam a2200277 c 4500
=001  990714605604702201
=003  BIBSYS
=005  20150206120624.0
=007  ta
=008  150206s1962\\\\xx#|||||||||||000|f|eng|d
=035  \\$a(NO-TrBIB)07146056x
=035  \\$a07146056x-47bibsys_network
=040  \\$aNO-TrBIB$bnob$ekatreg
=080  \\$a820
=100  1\$aBallard, J.G.$d1930-2009$0(NO-TrBIB)90199005$1http://viaf.org/viaf/9842556$4http://rdaregistry.info/Elements/w/object/P10061
=240  10$aThe wind from nowhere$1http://viaf.org/viaf/3869162301514520270000
=245  14$aThe wind from nowhere$cJ.G. Ballard
=260  \\$aNew York$bBerkley Publishing$c1962
=300  \\$a160 s.
=490  1\$aA Berkley medallion book$vF600
=650  \0$aAfro-Americans$xFiction
=653  \\$afantasy$ascience$afiction
=655  \7$ascience fiction$2noubonm
=830  \2$aA Berkley medallion book$vF600

