=LDR  02636cam a2200637 c 4500
=001  990801728814702201
=003  BIBSYS
=005  20171004102314.0
=007  ta
=008  150206s1968\\\\xx#|||||||||||000|||eng|d
=020  \\$qh.
=035  \\$a(NO-TrBIB)080172881
=035  \\$a080172881-47bibsys_network
=040  \\$aNO-TrBIB$bnob$ekatreg
=082  04$a823.008$223
=245  00$aEngland swings SF :$bstories of speculative fiction$cedited by Judith Merril
=260  \\$aNew York$bAce$cc1968
=300  \\$a406 s.$bill.
=500  \\$a"An Ace book"
=500  \\$aOmslags- og ryggtittel: Judith Merril's England swings SF
=650  \0$aScience fiction, English
=650  \7$aEngelsk litteratur$2humord$0(NO-TrBIB)HUME06885
=650  \7$aScience fiction$2humord$0(NO-TrBIB)HUME07060
=653  \\$afantasy$ascience$afiction
=700  1\$aAldiss, Brian W.$d1925-$4aut$0(NO-TrBIB)90056060
=700  1\$aBailey, Hilary.$4aut$0(NO-TrBIB)90062716
=700  1\$aBallard, J.G.$d1930-2009$4aut$0(NO-TrBIB)90199005
=700  1\$aBallard, J.G.$d1930-2009$4aut$0(NO-TrBIB)90199005
=700  1\$aBayley, B. J..$4aut$0(NO-TrBIB)13013674
=700  1\$aBonfiglioli, Kyril.$4aut$0(NO-TrBIB)13047696
=700  1\$aButler, Bill.$4aut$0(NO-TrBIB)90856968
=700  1\$aButterworth, Michael.$4aut$0(NO-TrBIB)13013759
=700  1\$aCalder, John.$4aut$0(NO-TrBIB)98003553
=700  1\$aCastell, Daphne.$4aut$0(NO-TrBIB)13047695
=700  1\$aClark, John.$4aut$0(NO-TrBIB)9006521
=700  1\$aCollyn, George$4aut$0(NO-TrBIB)13005857
=700  1\$aDisch, Thomas M..$4aut$0(NO-TrBIB)90705277
=700  1\$aHall, Graham M..$4aut$0(NO-TrBIB)13047692
=700  1\$aHamburger, Michael$4aut$0(NO-TrBIB)90088200
=700  1\$aJones, Langdon.$4aut$0(NO-TrBIB)12069045
=700  1\$aJones, Roger.$4aut$0(NO-TrBIB)90352759
=700  1\$aMacBeth, George.$4aut$0(NO-TrBIB)90119481
=700  1\$aMasson, David I..$4aut$0(NO-TrBIB)2019380
=700  1\$aMerril, Judith.$4edt$0(NO-TrBIB)8036947
=700  1\$aMoorcock, Michael$d1939-$4aut$0(NO-TrBIB)90226506
=700  1\$aPlatt, Charles$4aut$0(NO-TrBIB)90054352
=700  1\$aPriest, Chris.$4aut$0(NO-TrBIB)13047693
=700  1\$aRedgrove, Peter$d1932-2003$4aut$0(NO-TrBIB)90124875
=700  1\$aRoberts, Keith$d1935-2000$4aut$0(NO-TrBIB)6015507
=700  1\$aSaxton, Josephine.$4aut$0(NO-TrBIB)13001132
=700  1\$aTate, Peter.$4aut$0(NO-TrBIB)90853436
=700  1\$aZoline, P. A..$4aut$0(NO-TrBIB)13047691
=740  0\$aJudith Merril's England swings SF

