=LDR  01136cam a2200289 c 4500
=001  990810784984702201
=003  BIBSYS
=005  20150206120624.0
=007  ta
=008  150206s1999\\\\xx#|||||||||||000|u|eng|d
=020  \\$a1857988833$qh.
=035  \\$a(NO-TrBIB)081078498
=035  \\$a081078498-47bibsys_network
=040  \\$aNO-TrBIB$bnob$ekatreg
=100  1\$aBallard, J.G.$d1930-2009$0(NO-TrBIB)90199005$1http://viaf.org/viaf/9842556$4http://rdaregistry.info/Elements/w/object/P10061
=240  10$aThe Drowned World$1http://viaf.org/viaf/309277534
=245  14$aThe Drowned world$cJ.G. Ballard
=260  \\$aLondon$bGollancz$cc1999
=300  \\$a175 p.
=490  1\$aSF masterworks$v17
=653  \\$afantasy$ascience$afiction
=830  \0$aSF masterworks$v17
=856  42$3Forlagets beskrivelse (kort)$uhttps://contents.bibsys.no/content/9781857988833?type=DESCRIPTION_SHORT
=856  42$3Forlagets beskrivelse (lang)$uhttps://contents.bibsys.no/content/9781857988833?type=DESCRIPTION_LONG
=856  42$3Miniatyrbilde$uhttps://contents.bibsys.no/content/images/small/3/3/9781857988833.jpg$qimage/jpeg
=856  42$3Omslagsbilde$uhttps://contents.bibsys.no/content/images/large/3/3/9781857988833.jpg$qimage/jpeg

