=LDR  01551cam a2200349 c 4500
=001  990811140954702201
=003  BIBSYS
=005  20220428040132.0
=007  ta
=008  150831s2008\\\\xx\|||||||||||000|f|eng|d
=020  \\$a0007268416
=020  \\$a9780007268412$qh.
=020  \\$a9780007341900$qh.
=035  \\$a(NO-TrBIB)081114095
=035  \\$a(NO-TrBIB)081114095
=040  \\$aNO-TrBIB$bnob$ekatreg
=082  04$a813.54$223/nor
=100  1\$aBurroughs, William S.$d1914-1997$q(William Seward)$0(NO-TrBIB)90081851
=245  10$aNaked lunch :$bthe restored text edited by James Grauerholz and Barry Miles$cWilliam S. Burroughs; with an introduction by J.G. Ballard
=260  \\$aLondon$bHarperPerennial$c2008
=300  \\$a320 s.
=700  1\$aBallard, J.G.$d1930-2009$0(NO-TrBIB)90199005$1http://viaf.org/viaf/9842556$4http://rdaregistry.info/Elements/m/object/P30328
=700  1\$aGrauerholz, James$0(NO-TrBIB)99053784
=700  1\$aMiles, Barry$d1943-$0(NO-TrBIB)90370124
=856  42$3Forlagets beskrivelse (kort)$uhttps://contents.bibs.aws.unit.no/content/?isbn=0007268416
=856  42$3Forlagets beskrivelse (kort)$uhttps://contents.bibs.aws.unit.no/content/?isbn=9780007268412
=856  42$3Forlagets beskrivelse (lang)$uhttps://contents.bibs.aws.unit.no/content/?isbn=0007268416
=856  42$3Forlagets beskrivelse (lang)$uhttps://contents.bibs.aws.unit.no/content/?isbn=9780007268412
=856  42$3Omslagsbilde$uhttps://contents.bibs.aws.unit.no/files/images/large/6/1/0007268416.jpg$qimage/jpeg

