=LDR  01345cam a2200289 c 4500
=001  990929861614702201
=003  BIBSYS
=005  20210606043518.0
=007  ta
=008  150206s2009\\\\xx#|||||||||||000|u|eng|d
=020  \\$a9780754662679$qib.
=035  \\$a(NO-TrBIB)092986161
=035  \\$a092986161-47bibsys_network
=040  \\$aNO-TrBIB$bnob$ekatreg
=100  1\$aBaxter, Jeannette$0(NO-TrBIB)9058240
=245  10$aJ.G. Ballard's surrealist imagination :$bspectacular authorship$cJeannette Baxter
=260  \\$aFarnham$bAshgate$cc2009
=300  \\$aXI, 243 s.$bill.
=600  17$aBallard, J.G.$d1930-2009$0(NO-TrBIB)90199005$2bare
=856  42$3Beskrivelse fra forlaget (kort)$uhttp://content.bibsys.no/content/?type=descr_publ_brief&isbn=0754662675
=856  42$3Beskrivelse fra forlaget (lang)$uhttp://content.bibsys.no/content/?type=descr_publ_full&isbn=0754662675
=856  42$3Forlagets beskrivelse (lang)$uhttps://contents.bibs.aws.unit.no/content/?isbn=9780754662679
=856  42$3Innholdsfortegnelse$uhttp://content.bibsys.no/content/?type=toc&isbn=0754662675
=856  42$3Innholdsfortegnelse$uhttps://contents.bibs.aws.unit.no/content/?isbn=9780754662679
=856  42$3Omslagsbilde$uhttp://innhold.bibsys.no/bilde/forside/?size=mini&id=9780754662679.jpg$qimage/jpeg

