=LDR  01131cam a2200277 c 4500
=001  991009291414702201
=003  BIBSYS
=005  20150206120624.0
=007  ta
=008  150206s2009\\\\xx#|||||||||||000|||eng|d
=020  \\$a9780393072624$qib.
=035  \\$a(NO-TrBIB)100929141
=035  \\$a100929141-47bibsys_network
=040  \\$aNO-TrBIB$bnob$ekatreg
=100  1\$aBallard, J.G.$d1930-2009$0(NO-TrBIB)90199005$1http://viaf.org/viaf/9842556$4http://rdaregistry.info/Elements/w/object/P10061
=245  14$aThe complete stories of J.G. Ballard
=260  \\$aNew York$bW.W. Norton$c2009
=300  \\$aXV, 1199 s.
=653  \\$aengelsk$alitteratur
=856  42$3Forlagets beskrivelse (kort)$uhttps://contents.bibsys.no/content/9780393072624?type=DESCRIPTION_SHORT
=856  42$3Forlagets beskrivelse (lang)$uhttps://contents.bibsys.no/content/9780393072624?type=DESCRIPTION_LONG
=856  42$3Miniatyrbilde$uhttps://contents.bibsys.no/content/images/small/4/2/9780393072624.jpg$qimage/jpeg
=856  42$3Omslagsbilde$uhttps://contents.bibsys.no/content/images/large/4/2/9780393072624.jpg$qimage/jpeg

