=LDR  00655cam a2200229 c 4500
=001  991015583174702201
=003  BIBSYS
=005  20150206120624.0
=007  ta
=008  150206s1977\\\\xx#|||||||||||000|u|eng|\
=020  \\$a0140023453$qh.
=035  \\$a(NO-TrBIB)101558317
=035  \\$a101558317-47bibsys_network
=040  \\$aNO-OsNB$bnob$ekatreg
=100  1\$aBallard, J.G.$d1930-2009$0(NO-TrBIB)90199005$1http://viaf.org/viaf/9842556$4http://rdaregistry.info/Elements/w/object/P10061
=240  10$aThe four-dimensional nightmare$1http://viaf.org/viaf/183430784
=245  14$aThe four-dimensional nightmare$cJ.G. Ballard
=260  \\$a[London]$bPenguin$c1977
=300  \\$a210 s.
=490  1\$aPenguin science fiction
=830  \0$aPenguin science fiction

