=LDR  01349cam a2200325 c 4500
=001  991115291664702201
=003  BIBSYS
=005  20210601181116.0
=007  ta
=008  150206s2008\\\\xx#|||||||||||000|f|eng|d
=020  \\$a9780007287048$qh.
=035  \\$a(NO-TrBIB)111529166
=035  \\$a111529166-47bibsys_network
=040  \\$aNO-TrBIB$bnob$ekatreg
=080  \\$a82:72-05
=080  \\$a82-3
=100  1\$aBallard, J.G.$d1930-2009$0(NO-TrBIB)90199005$1http://viaf.org/viaf/9842556$4http://rdaregistry.info/Elements/w/object/P10061
=240  10$aConcrete Island$1http://viaf.org/viaf/174604532
=245  10$aConcrete island$cJ.G. Ballard
=260  \\$aLondon$bHarper Perennial$c2008
=300  \\$a28 s.
=500  \\$aFørste gang utgitt i Storbritannia av Jonathan Cape, 1974.
=653  \\$askjønnlitteratur
=856  42$3Beskrivelse fra forlaget (kort)$uhttp://content.bibsys.no/content/?type=descr_publ_brief&isbn=0007287046
=856  42$3Beskrivelse fra forlaget (lang)$uhttp://content.bibsys.no/content/?type=descr_publ_full&isbn=0007287046
=856  42$3Forlagets beskrivelse (kort)$uhttps://contents.bibs.aws.unit.no/content/?isbn=9780007287048
=856  42$3Forlagets beskrivelse (lang)$uhttps://contents.bibs.aws.unit.no/content/?isbn=9780007287048
=856  42$3Omslagsbilde$uhttp://innhold.bibsys.no/bilde/forside/?size=mini&id=9780007287048.jpg$qimage/jpeg

