=LDR  01738cam a2200397 c 4500
=001  991145369454702201
=003  BIBSYS
=005  20210701222245.0
=007  ta
=008  150710s2004\\\\xxk\||||||||||000|0deng|d
=020  \\$a0099458209$qh.
=020  \\$a9780099458203$qh.
=035  \\$a(NO-TrBIB)114536945
=035  \\$a114536945-47bibsys_network
=040  \\$aNO-TrBIB$bnob$ekatreg
=080  \\$a299.7
=082  04$a154.4$223
=083  0\$a820$223
=100  1\$aHuxley, Aldous$d1894-1963$0(NO-TrBIB)90089894
=245  14$aThe doors of perception ; and Heaven and hell$cAldous Huxley ; with a foreword by J.G. Ballard and a biographical introduction by David Bradshaw
=260  \\$aLondon$bVintage$c2004
=300  \\$aXVIII, 123 s.
=500  \\$aFørste gang utgitt: London : Flamingo, 1994
=653  \\$apsykologi$abevissthet$abevissthetsforandringer$aekseperiment
=700  1\$aBallard, J.G.$d1930-2009$0(NO-TrBIB)90199005
=700  1\$aBradshaw, David$0(NO-TrBIB)90907071
=740  0\$aHeaven and hell
=740  4\$aThe doors of perception
=856  42$3Beskrivelse fra forlaget (kort)$uhttp://content.bibsys.no/content/?type=descr_publ_brief&isbn=0099458209
=856  42$3Forlagets beskrivelse (kort)$uhttps://contents.bibs.aws.unit.no/content/?isbn=9780099458203
=856  42$3Forlagets beskrivelse (lang)$uhttps://contents.bibs.aws.unit.no/content/?isbn=9780099458203
=856  42$3Omslagsbilde$uhttp://innhold.bibsys.no/bilde/forside/?size=mini&id=9780099458203.jpg$qimage/jpeg
=856  42$3Originalt bilde$uhttps://contents.bibs.aws.unit.no/files/images/original/3/0/9780099458203.jpg$qimage/jpeg

