=LDR  01157cam a2200265 c 4500
=001  991218240804702201
=003  BIBSYS
=005  20210605221443.0
=007  ta
=008  150206s2008\\\\xx#|||||||||||000|uaeng|d
=020  \\$a9780007270729$qib.
=035  \\$a(NO-TrBIB)12182408x
=035  \\$a12182408x-47bibsys_network
=040  \\$aNO-TrBIB$bnob$ekatreg
=100  1\$aBallard, J.G.$d1930-2009$0(NO-TrBIB)90199005$1http://viaf.org/viaf/9842556$4http://rdaregistry.info/Elements/w/object/P10061
=245  10$aMiracles of life :$bShanghai to Shepperton : an autobiography$cJ.G. Ballard
=260  \\$aLondon$bFourth Estate$c2008
=300  \\$aVIII, 278 s.$bill.
=600  17$aBallard, J.G.$d1930-2009$0(NO-TrBIB)90199005$2bare
=856  42$3Beskrivelse fra forlaget (kort)$uhttp://content.bibsys.no/content/?type=descr_publ_brief&isbn=0007270720
=856  42$3Beskrivelse fra forlaget (lang)$uhttp://content.bibsys.no/content/?type=descr_publ_full&isbn=0007270720
=856  42$3Forlagets beskrivelse (lang)$uhttps://contents.bibs.aws.unit.no/content/?isbn=9780007270729
=856  42$3Omslagsbilde$uhttp://innhold.bibsys.no/bilde/forside/?size=mini&id=9780007270729.jpg$qimage/jpeg

