=LDR  01629cam a22004097c 4500
=001  991305624914702201
=003  BIBSYS
=005  20210128110010.0
=007  ta
=008  150206s1972\\\\xx#|||||||||||000|||eng|c
=020  \\$a0425021750$qh.
=035  \\$a(NO-TrBIB)130562491
=035  \\$a130562491-47bibsys_network
=040  \\$aNO-TrBIB$bnob$ekatreg
=245  00$aThe ruins of the earth :$b16 stories of the future$cedited by Thomas M. Disch
=260  \\$aNew York$bBerkley publishing corp.$c1972
=300  \\$a287 s.
=655  \7$aScience fiction$2noubonm
=700  1\$aBallard, J.G.$d1930-2009$4aut$0(NO-TrBIB)90199005
=700  1\$aBrownstein, Michael$4aut$0(NO-TrBIB)13006945
=700  1\$aDick, Philip K.$d1928-1982$4aut$0(NO-TrBIB)90067806
=700  1\$aDisch, Thomas M.$4edt$0(NO-TrBIB)90705277
=700  1\$aDu Maurier, Daphne$d1907-1989$4aut$0(NO-TrBIB)90070402
=700  1\$aEffinger, Geo. Alec$4aut$0(NO-TrBIB)13006944
=700  1\$aElmslie, Kenward$4aut$0(NO-TrBIB)1028534
=700  1\$aHarrison, Harry$d1925-2012$4aut$0(NO-TrBIB)90125333
=700  1\$aHouston, James D.$4aut$0(NO-TrBIB)90635408
=700  1\$aJonas, Gerald$4aut$0(NO-TrBIB)7079141
=700  1\$aKagan, Norman$4aut$0(NO-TrBIB)90161779
=700  1\$aLafferty, R. A.$4aut$0(NO-TrBIB)99006126
=700  1\$aLeiber, Fritz$d1910-1992$0(NO-TrBIB)90705550
=700  1\$aMundis, Jerrod J.$4aut$0(NO-TrBIB)13006943
=700  1\$aRush, Norman$4aut$0(NO-TrBIB)90721345
=700  1\$aVonnegut, Kurt jr.$4aut$0(NO-TrBIB)10062183
=700  1\$aWolfe, Gene$4aut$0(NO-TrBIB)97049116

