=LDR  00648cam a22002297c 4500
=001  991306045854702201
=003  BIBSYS
=005  20150206120624.0
=007  ta
=008  150206s1964\\\\xx#|||||||||||000|f|eng|d
=020  \\$qh.
=035  \\$a(NO-TrBIB)130604585
=035  \\$a130604585-47bibsys_network
=040  \\$aNO-TrBIB$bnob$ekatreg
=100  1\$aBallard, J.G.$d1930-2009$4aut$0(NO-TrBIB)90199005$1http://viaf.org/viaf/9842556$4http://rdaregistry.info/Elements/w/object/P10061
=240  10$aTerminal Beach$1http://www.wikidata.org/entity/Q7768486
=245  10$aTerminal beach$cJ. G. Ballard
=260  \\$aNew York$bBerkley Publication$c1964
=300  \\$a160 s.
=655  \7$ascience fiction$2noubmn
=655  \7$ascience fiction$2noubonm

