=LDR  01414cam a22003737c 4500
=001  991307045124702201
=003  BIBSYS
=005  20180202102409.0
=007  ta
=008  150206s1964\\\\xx#|||||||||||000|f|eng|d
=020  \\$qh.
=035  \\$a(NO-TrBIB)130704512
=035  \\$a130704512-47bibsys_network
=040  \\$aNO-TrBIB$bnob$ekatreg
=245  04$aThe best from fantasy and science fiction :$b13th series$cEdited by Avram Davidson
=260  \\$aNew York$bAce Publishing$c1964
=300  \\$a256 s.
=655  \7$ascience fiction$2noubonm
=700  1\$aAnderson, Karen.$4aut$0(NO-TrBIB)90872228
=700  1\$aBallard, J.G.$d1930-2009$4aut$0(NO-TrBIB)90199005
=700  1\$aBester, Alfred$d1913-1987$4aut$0(NO-TrBIB)90083185
=700  1\$aDavidson, Avram$4aut$0(NO-TrBIB)13000919
=700  1\$aDavidson, Avram$4edt$0(NO-TrBIB)13000919
=700  1\$aGoulart, Ron$d1933-$0(NO-TrBIB)5070733
=700  1\$aHarrison, Harry$d1925-2012$4aut$0(NO-TrBIB)90125333
=700  1\$aHenderson, Zenna.$4aut$0(NO-TrBIB)13008872
=700  1\$aHubbard, P. M..$4aut$0(NO-TrBIB)13011850
=700  1\$aMarti-Ibañez, Felix$4aut$0(NO-TrBIB)98040451
=700  1\$aMcKenna, Richard.$4aut$0(NO-TrBIB)8013989
=700  1\$aNelson, Rey.$4aut$0(NO-TrBIB)13011847
=700  1\$aVance, Jack.$4aut$0(NO-TrBIB)90951188
=700  1\$aWhite, Don.$4aut$0(NO-TrBIB)3050665

