=LDR  01194cam a22003377c 4500
=001  991307605014702201
=003  BIBSYS
=005  20150206120624.0
=007  ta
=008  150206s1971\\\\xx#|||||||||||000|||eng|d
=020  \\$qh.
=035  \\$a(NO-TrBIB)130760501
=035  \\$a130760501-47bibsys_network
=040  \\$aNO-TrBIB$bnob$ekatreg
=245  00$aNew worlds 1 :$bThe science fiction quarterly$ced. by Michael Moorcock
=260  \\$aLondon$bSphere Books$c1971
=300  \\$a175 s.
=490  1\$aNew Worlds$v1
=655  \7$ascience fiction$2noubonm
=700  1\$aAldiss, Brian W.$d1925-$4aut$0(NO-TrBIB)90056060
=700  1\$aBallard, J.G.$d1930-2009$4aut$0(NO-TrBIB)90199005
=700  1\$aBayley, B. J..$4aut$0(NO-TrBIB)13013674
=700  1\$aDisch, Thomas.$4aut$0(NO-TrBIB)13013676
=700  1\$aHarrison, M. John$d1945-$4aut$0(NO-TrBIB)90175031
=700  1\$aMoorcock, Michael$d1939-$4edt$0(NO-TrBIB)90226506
=700  1\$aRedd, David.$4aut$0(NO-TrBIB)13013675
=700  1\$aRoberts, Keith$d1935-2000$4aut$0(NO-TrBIB)6015507
=700  1\$aSladek, John$d1937-2000$4aut$0(NO-TrBIB)90257574
=830  \0$aNew Worlds$v1

