=LDR  01480cam a22003977c 4500
=001  991307606764702201
=003  BIBSYS
=005  20150206120624.0
=007  ta
=008  150206s1971\\\\xx#|||||||||||000|f|eng|d
=020  \\$qh.
=035  \\$a(NO-TrBIB)130760676
=035  \\$a130760676-47bibsys_network
=040  \\$aNO-TrBIB$bnob$ekatreg
=245  00$aNew worlds 2 :$bThe science fiction quarterly$ced. by Michael Moorcock
=260  \\$aLondon$bSphere Books$c1971
=300  \\$a187 s.
=490  1\$aNew Worlds$v2
=655  \7$ascience fiction$2noubonm
=700  1\$aBallard, J.G.$d1930-2009$4aut$0(NO-TrBIB)90199005
=700  1\$aBayley, B. J..$4aut$0(NO-TrBIB)13013674
=700  1\$aConey, Michael G..$4aut$0(NO-TrBIB)13007511
=700  1\$aDann, Jack.$4aut$0(NO-TrBIB)13013685
=700  1\$aDisch, Thomas.$4aut$0(NO-TrBIB)13013676
=700  1\$aHarrison, M. John$d1945-$4aut$0(NO-TrBIB)90175031
=700  1\$aMoorcock, Michael$d1939-$4edt$0(NO-TrBIB)90226506
=700  1\$aPollack, Richard A..$4aut$0(NO-TrBIB)13013684
=700  1\$aRoberts, Keith$d1935-2000$4aut$0(NO-TrBIB)6015507
=700  1\$aSellings, Arthur.$4aut$0(NO-TrBIB)12061623
=700  1\$aSpinrad, Norman$d1940-$4aut$0(NO-TrBIB)90127778
=700  1\$aTate, Peter.$4aut$0(NO-TrBIB)90853436
=700  1\$aWoodrow, William.$4aut$0(NO-TrBIB)13013686
=700  1\$aZebrowski, George.$4aut$0(NO-TrBIB)4000329
=830  \0$aNew Worlds$v2

