=LDR  01192cam a22003257c 4500
=001  991307618934702201
=003  BIBSYS
=005  20150206120624.0
=007  ta
=008  150206s1974\\\\xx#|||||||||||000|f|eng|d
=020  \\$a0586038035$qh.
=035  \\$a(NO-TrBIB)130761893
=035  \\$a130761893-47bibsys_network
=040  \\$aNO-TrBIB$bnob$ekatreg
=245  00$aBest SF stories from New Worlds 8$ced. by Michael Moorcock
=260  \\$aSt. Albans, Herts$bPanther Books$c1974
=300  \\$a204 s.
=490  1\$aBest SF stories from New Worlds$v8
=655  \7$ascience fiction$2noubonm
=700  1\$aBailey, Hilary.$4aut$0(NO-TrBIB)90062716
=700  1\$aBallard, J.G.$d1930-2009$4aut$0(NO-TrBIB)90199005
=700  1\$aBayley, Barrington.$4aut$0(NO-TrBIB)13013764
=700  1\$aBrunner, John$d1934-1995$4aut$0(NO-TrBIB)90763497
=700  1\$aCharnock, Graham.$4aut$0(NO-TrBIB)13013776
=700  1\$aEllison, Harlan$d1934-$4aut$0(NO-TrBIB)5015711
=700  1\$aHarrison, M. John$d1945-$4aut$0(NO-TrBIB)90175031
=700  1\$aMoorcock, Michael$d1939-$4edt$0(NO-TrBIB)90226506
=830  \0$aBest SF stories from New Worlds$v8

