=LDR  01449cam a22003737c 4500
=001  991313701464702201
=003  BIBSYS
=005  20150206120624.0
=007  ta
=008  150206s1971\\\\xx#|||||||||||000|f|eng|d
=020  \\$a0090038908$qh.
=035  \\$a(NO-TrBIB)131370146
=035  \\$a131370146-47bibsys_network
=040  \\$aNO-TrBIB$bnob$ekatreg
=245  04$aThe new SF :$bAn original anthology of modern speculative fiction$cEdited by Langdon Jones
=260  \\$aLondon$bArrow Books$c1971
=300  \\$a224 s.
=655  \7$ascience fiction$2noubonm
=700  1\$aAldiss, Brian W.$d1925-$4aut$0(NO-TrBIB)90056060
=700  1\$aBallard, J.G.$d1930-2009$4aut$0(NO-TrBIB)90199005
=700  1\$aButterworth, Michael.$4aut$0(NO-TrBIB)13013759
=700  1\$aDisch, Thomas M..$4aut$0(NO-TrBIB)90705277
=700  1\$aGordon, Giles.$4aut$0(NO-TrBIB)90687517
=700  1\$aJakubowski, Maxim.$4aut$0(NO-TrBIB)90605023
=700  1\$aJones, Langdon.$4edt$0(NO-TrBIB)12069045
=700  1\$aMacBeth, George.$4aut$0(NO-TrBIB)90119481
=700  1\$aMoorcock, Michael$d1939-$4aut$0(NO-TrBIB)90226506
=700  1\$aPlatt, Charles$4aut$0(NO-TrBIB)90054352
=700  1\$aSallis, James$4aut$0(NO-TrBIB)97036478
=700  1\$aSladek, John$d1937-2000$4aut$0(NO-TrBIB)90257574
=700  1\$aThomas, D. M.$d1935-$4aut$0(NO-TrBIB)90118522
=700  1\$aZoline, Pamela.$4aut$0(NO-TrBIB)7067159

