=LDR  01527cam a22003977c 4500
=001  991313704994702201
=003  BIBSYS
=005  20180202102428.0
=007  ta
=008  150206s1965\\\\xx#|||||||||||000|f|eng|d
=020  \\$qh.
=035  \\$a(NO-TrBIB)131370499
=035  \\$a131370499-47bibsys_network
=040  \\$aNO-TrBIB$bnob$ekatreg
=245  04$aThe best of new worlds$cEdited by Michael Moorcock
=260  \\$aLondon$bRoberts & Vinter LTD$c1965
=300  \\$a318 s.
=655  \7$ascience fiction$2noubonm
=700  1\$aAldiss, Brian W.$d1925-$4aut$0(NO-TrBIB)90056060
=700  1\$aBailey, Hiliary.$4aut$0(NO-TrBIB)13022249
=700  1\$aBallard, J.G.$d1930-2009$4aut$0(NO-TrBIB)90199005
=700  1\$aBaxter, John$d1939-$4aut$0(NO-TrBIB)90061278
=700  1\$aBayley, B. J..$4aut$0(NO-TrBIB)13013674
=700  1\$aBrunner, John$d1934-1995$4aut$0(NO-TrBIB)90763497
=700  1\$aColvin, James.$4aut$0(NO-TrBIB)13022247
=700  1\$aHarrison, Harry$d1925-2012$4aut$0(NO-TrBIB)90125333
=700  1\$aJones, Langdon.$4aut$0(NO-TrBIB)12069045
=700  1\$aKapp, Colin.$4aut$0(NO-TrBIB)90926818
=700  1\$aMoorcock, Michael$d1939-$4edt$0(NO-TrBIB)90226506
=700  1\$aMoorcock, Michael,$d1939-$4aut$0(NO-TrBIB)90226506
=700  1\$aPresslie, Robert$4aut$0(NO-TrBIB)13010800
=700  1\$aSellings, Arthur.$4aut$0(NO-TrBIB)12061623
=700  1\$aTubb, E. C..$4aut$0(NO-TrBIB)90916487
=700  1\$aWhite, James.$4aut$0(NO-TrBIB)9000902

