=LDR  02773cam a22006377c 4500
=001  991313720174702201
=003  BIBSYS
=005  20180202102428.0
=007  ta
=008  150206s1973\\\\xx#|||||||||||000|f|eng|d
=020  \\$a0140031456$qh.
=035  \\$a(NO-TrBIB)131372017
=035  \\$a131372017-47bibsys_network
=040  \\$aNO-TrBIB$bnob$ekatreg
=245  04$aThe Penguin science fiction omnibus$cEdited by Brian Aldiss
=260  \\$aMiddelsex, UK$bPenguin Books$c1973
=300  \\$a616 s.
=490  1\$aPenguin science fiction
=655  \7$ascience fiction$2noubonm
=700  1\$aAbernathy, Robert.$4aut$0(NO-TrBIB)13022307
=700  1\$aAldiss, Brian W.$d1925-$4aut$0(NO-TrBIB)90056060
=700  1\$aAldiss, Brian W.$d1925-$4edt$0(NO-TrBIB)90056060
=700  1\$aAsimov, Isaac$d1920-1992$4aut$0(NO-TrBIB)90104376
=700  1\$aBallard, J.G.$d1930-2009$4aut$0(NO-TrBIB)90199005
=700  1\$aBlish, James$d1921-1975$4aut$0(NO-TrBIB)99056514
=700  1\$aBrunner, John$d1934-1995$4aut$0(NO-TrBIB)90763497
=700  1\$aBudrys, Algis$d1931-$4aut$0(NO-TrBIB)12064560
=700  1\$aChandler, Bertram$4aut$0(NO-TrBIB)12068553
=700  1\$aChandler, Bertram$4aut$0(NO-TrBIB)12068553
=700  1\$aClarke, Arthur C.$d1917-2008$q(Arthur Charles)$4aut$0(NO-TrBIB)90725602
=700  1\$aCogswell, Theodore.$4aut$0(NO-TrBIB)13022306
=700  1\$aDickson, Gordon.$4aut$0(NO-TrBIB)3106869
=700  1\$aFast, Howard.$4aut$0(NO-TrBIB)90085247
=700  1\$aFyfe, H. B..$4aut$0(NO-TrBIB)12065278
=700  1\$aGodwin, Tom$4aut$0(NO-TrBIB)13011997
=700  1\$aHarrison, Harry$d1925-2012$4aut$0(NO-TrBIB)90125333
=700  1\$aKnight, Damon.$4aut$0(NO-TrBIB)90762006
=700  1\$aKornbluth, C.M..$4aut$0(NO-TrBIB)90955928
=700  1\$aMacLean, Katherine.$4aut$0(NO-TrBIB)12070900
=700  1\$aMiller, Walter M. Jr..$4aut$0(NO-TrBIB)12069457
=700  1\$aMoore, Ward.$4aut$0(NO-TrBIB)8046603
=700  1\$aNourse, Alan E..$4aut$0(NO-TrBIB)99003479
=700  1\$aPohl, Frederik$d1919-2013$4aut$0(NO-TrBIB)90058471
=700  1\$aPorges, Arthur$4aut$0(NO-TrBIB)13022305
=700  1\$aRussell, Eric Frank$d1905-1978$4aut$0(NO-TrBIB)3008240
=700  1\$aSchmitz, James H..$4aut$0(NO-TrBIB)12070868
=700  1\$aSchoenfeld, Howard.$4aut$0(NO-TrBIB)13022308
=700  1\$aSheckley, Robert.$4aut$0(NO-TrBIB)90222749
=700  1\$aSimak, Clifford.$4aut$0(NO-TrBIB)10060674
=700  1\$aSteinbeck, John$d1902-1968$4aut$0(NO-TrBIB)90081598
=700  1\$aTenn, William$d1920-2010$4aut$0(NO-TrBIB)12069468
=700  1\$aTenn, William,$d1920-2010$4aut$0(NO-TrBIB)12069468
=700  1\$aVogt, A. E. van.$4aut$0(NO-TrBIB)10062162
=830  \0$aPenguin science fiction

