=LDR  01311cam a22003017c 4500
=001  991343702604702201
=003  BIBSYS
=005  20210602232915.0
=007  ta
=008  131215s2001\\\\xx#|||||||||||000|u|eng|d
=020  \\$a1854373552
=035  \\$a(NO-TrBIB)134370260
=035  \\$a134370260-47bibsys_network
=040  \\$aNO-TrBIB$bnob$ekatreg
=245  00$aTacita Dean$c[introduction by Clarrie Wallis ; contributions by J.G. Ballard ... [et al.] ; Tate Gallery]
=260  \\$aLondon$bTate Gallery Publishing$c2001
=300  \\$a79 s.$bill. (hovedsak. kol.), port.$c26 cm
=500  \\$aUtg. i forb. med utstilling
=600  14$aDean, Tacita$d1965
=700  1\$aBallard, J.G.
=710  2\$aTate Gallery
=856  42$3Beskrivelse fra forlaget (kort)$uhttp://content.bibsys.no/content/?type=descr_publ_brief&isbn=1854373552
=856  42$3Beskrivelse fra forlaget (lang)$uhttp://content.bibsys.no/content/?type=descr_publ_full&isbn=1854373552
=856  42$3Innholdsfortegnelse$uhttp://content.bibsys.no/content/?type=toc&isbn=1854373552
=856  42$3Innholdsfortegnelse$uhttps://contents.bibs.aws.unit.no/content/?isbn=9781854373557
=856  42$3Omslagsbilde$uhttp://innhold.bibsys.no/bilde/forside/?size=mini&id=9781854373557.jpg$qimage/jpeg

