=LDR  01235cam a22003137c 4500
=001  991343800024702201
=003  BIBSYS
=005  20210603103012.0
=007  ta
=008  131215s1993\\\\xx#|||||||||||000|u|eng|d
=020  \\$a0586085602
=035  \\$a(FHS-KS)16787
=035  \\$a(NO-TrBIB)134380002
=035  \\$a134380002-47bibsys_network
=040  \\$aNO-TrBIB$bnob$ekatreg
=100  1\$aBurroughs, William
=245  10$aNaked lunch$cWilliam Burroughs ; with an introduction by J.G. Ballard
=260  \\$aLondon$bFlamingo$c1993
=300  \\$a201 s.$c20 cm
=490  1\$aFlamingo modern classics
=700  1\$aBallard, J.G.
=830  \0$aFlamingo modern classics
=856  42$3Beskrivelse fra forlaget (kort)$uhttp://content.bibsys.no/content/?type=descr_publ_brief&isbn=0586085602
=856  42$3Beskrivelse fra forlaget (lang)$uhttp://content.bibsys.no/content/?type=descr_publ_full&isbn=0586085602
=856  42$3Forlagets beskrivelse (lang)$uhttps://contents.bibs.aws.unit.no/content/?isbn=9780586085608
=856  42$3Omslagsbilde$uhttp://innhold.bibsys.no/bilde/forside/?size=mini&id=9780586085608.jpg$qimage/jpeg

