=LDR  01474cam a22003857c 4500
=001  991345036004702201
=003  BIBSYS
=005  20150206120624.0
=007  ta
=008  150206s1970\\\\xx#|||||||||||000|||eng|d
=020  \\$a0583117252$qh.
=035  \\$a(NO-TrBIB)134503600
=035  \\$a134503600-47bibsys_network
=040  \\$aNO-TrBIB$bnob$ekatreg
=245  00$aSF the best of the best :$bPart one$cEdited by Judith Merril
=260  \\$aLondon$bMayflower$c1970
=300  \\$a203 s.
=490  1\$aSF the best of the best$v1
=655  \7$ascience fiction$2noubonm
=700  1\$aAbernathy, Robert.$4aut$0(NO-TrBIB)13022307
=700  1\$aBallard, J.G.$d1930-2009$4aut$0(NO-TrBIB)90199005
=700  1\$aEmshwiller, Carol$d1921-$4aut$0(NO-TrBIB)13020578
=700  1\$aKnight, Damon.$4aut$0(NO-TrBIB)90762006
=700  1\$aLeiber, Fritz$d1910-1992$4aut$0(NO-TrBIB)90705550
=700  1\$aMcKenna, Richard M.$4aut$0(NO-TrBIB)13071806
=700  1\$aMerril, Judith.$4edt$0(NO-TrBIB)8036947
=700  1\$aMiller, Walter M. Jr..$4aut$0(NO-TrBIB)12069457
=700  1\$aReynolds, Mack.$4aut$0(NO-TrBIB)12056609
=700  1\$aSimak, Clifford D..$4aut$0(NO-TrBIB)90127777
=700  1\$aSmith, Cordwainer$d1913-1966$4aut$0(NO-TrBIB)8046668
=700  1\$aSturgeon, Theodore$d1918-1985$4aut$0(NO-TrBIB)90967876
=700  1\$aThomas, Theodore L..$4aut$0(NO-TrBIB)90073818
=830  \0$aSF the best of the best$v1

