=LDR  01700cam a22004337c 4500
=001  991345119214702201
=003  BIBSYS
=005  20220112090836.0
=007  ta
=008  150206s1970\\\\xx\|||||||||||000|||eng|d
=020  \\$a0583118089$qh.
=035  \\$a(NO-TrBIB)134511921
=035  \\$a134511921-47bibsys_network
=040  \\$aNO-TrBIB$bnob$ekatreg
=245  00$aSF the best of the best :$bPart two$cEdited by Judith Merril
=260  \\$aLondon$bMayflower$c1970
=300  \\$a221 s.
=490  1\$aSF the best of the best$v2
=655  \7$ascience fiction$2noubonm
=700  1\$aAldiss, Brian W.$d1925-$4aut$0(NO-TrBIB)90056060
=700  1\$aAllen, Steve.$4aut$0(NO-TrBIB)11017809
=700  1\$aAsimov, Isaac$d1920-1992$4aut$0(NO-TrBIB)90104376
=700  1\$aBallard, J.G.$d1930-2009$4aut$0(NO-TrBIB)90199005
=700  1\$aBryam, George$4aut$0(NO-TrBIB)13071823
=700  1\$aBudrys, Algis$d1931-$4aut$0(NO-TrBIB)12064560
=700  1\$aClifton, Mark.$4aut$0(NO-TrBIB)90246771
=700  1\$aCogswell, Theodore R.$4aut$0(NO-TrBIB)13002069
=700  1\$aDavidson, Avram.$4aut$0(NO-TrBIB)13000919
=700  1\$aEmshwiller, Carol$d1921-$4aut$0(NO-TrBIB)13020578
=700  1\$aGehman, Richard.$4aut$0(NO-TrBIB)13071822
=700  1\$aJackson, Shirley$d1916-1965$0(NO-TrBIB)1533887371795$4aut
=700  1\$aKnight, Damon.$4aut$0(NO-TrBIB)90762006
=700  1\$aLeiber, Fritz$d1910-1992$4aut$0(NO-TrBIB)90705550
=700  1\$aMerril, Judith.$4edt$0(NO-TrBIB)8036947
=700  1\$aSheckley, Robert.$4aut$0(NO-TrBIB)90222749
=700  1\$aWorthington, Will.$4aut$0(NO-TrBIB)13071824
=830  \0$aSF the best of the best$v2

