=LDR  01327cam a22003497c 4500
=001  991400801634702201
=003  BIBSYS
=005  20190829150824.0
=007  ta
=008  150206s1969\\\\xx\|||||||||||000|f|eng|d
=020  \\$qh.
=035  \\$a(NO-TrBIB)140080163
=035  \\$a140080163-47bibsys_network
=040  \\$aNO-TrBIB$bnob$ekatreg
=245  00$aCities of wonder$cEdited by Damon Knight
=260  \\$aNew York$bMacFadden-Bartell$c1967 (1971)
=300  \\$a251 s.
=653  \\$afantasy$ascience$afiction
=700  1\$aAbernathy, Robert.$4aut$0(NO-TrBIB)13022307
=700  1\$aAldiss, Brian W.$d1925-$4aut$0(NO-TrBIB)90056060
=700  1\$aBallard, J.G.$d1930-2009$4aut$0(NO-TrBIB)90199005
=700  1\$aBenét, Stephen Vincent.$4aut$0(NO-TrBIB)90150860
=700  1\$aBlish, James$d1921-1975$4aut$0(NO-TrBIB)99056514
=700  1\$aForster, E.M.$d1879-1970$q(Edward Morgan)$4aut$0(NO-TrBIB)90054884
=700  1\$aHeinlein, Robert A.$d1907-1988$4aut$0(NO-TrBIB)90052809
=700  1\$aKnight, Damon.$4edt$0(NO-TrBIB)90762006
=700  1\$aKornbluth, C.M..$4aut$0(NO-TrBIB)90955928
=700  1\$aKuttner, Henry.$4aut$0(NO-TrBIB)2126815
=700  1\$aMiller, Walter M. Jr..$4aut$0(NO-TrBIB)12069457
=700  1\$aStuart, Don A..$4aut$0(NO-TrBIB)13069773

