=LDR  01039cam a22003017c 4500
=001  991401124804702201
=003  BIBSYS
=005  20150206120624.0
=007  ta
=008  150206s1966\\\\xx#|||||||||||000|f|eng|d
=020  \\$a0330024655$qh.
=035  \\$a(NO-TrBIB)140112480
=035  \\$a140112480-47bibsys_network
=040  \\$aNO-TrBIB$bnob$ekatreg
=245  00$aWindow on the future$cedited by Douglas Hill
=260  \\$aLondon$bPan Books$c1966
=300  \\$a158 s.
=653  \\$afantasy$ascience$afiction
=700  1\$aAldiss, Brian W.$d1925-$4aut$0(NO-TrBIB)90056060
=700  1\$aAlexander, David$4aut$0(NO-TrBIB)90127249
=700  1\$aBallard, J.G.$d1930-2009$4aut$0(NO-TrBIB)90199005
=700  1\$aBrunner, John$d1934-1995$4aut$0(NO-TrBIB)90763497
=700  1\$aHill, Douglas$4edt$0(NO-TrBIB)90844817
=700  1\$aHillman, Martin.$4aut$0(NO-TrBIB)14004306
=700  1\$aSellings, Arthur.$4aut$0(NO-TrBIB)12061623
=700  1\$aTubb, E. C..$4aut$0(NO-TrBIB)90916487

