=LDR  01526cam a22003857c 4500
=001  991405650194702201
=003  BIBSYS
=005  20150206120624.0
=007  ta
=008  150206s1968\\\\xx#|||||||||||000|f|eng|d
=020  \\$qh.
=035  \\$a(NO-TrBIB)140565019
=035  \\$a140565019-47bibsys_network
=040  \\$aNO-TrBIB$bnob$ekatreg
=245  00$aSF: Author's choice$cedited by Harry Harrison
=260  \\$aNew York$bBerkley Publishing$c1968
=300  \\$a224 s.
=653  \\$afantasy$ascience$afiction
=700  1\$aAldiss, Brian W.$d1925-$4aut$0(NO-TrBIB)90056060
=700  1\$aAnderson, Poul$d1926-2001$4aut$0(NO-TrBIB)90135259
=700  1\$aAsimov, Isaac$d1920-1992$4aut$0(NO-TrBIB)90104376
=700  1\$aBallard, J.G.$d1930-2009$4aut$0(NO-TrBIB)90199005
=700  1\$aBlish, James$d1921-1975$4aut$0(NO-TrBIB)99056514
=700  1\$aCogswell, Theodore R.$4aut$0(NO-TrBIB)13002069
=700  1\$aDe Camp, L. Sprague$4aut$0(NO-TrBIB)90802063
=700  1\$aFarmer, Philip José$d1918-2009$4aut$0(NO-TrBIB)12069455
=700  1\$aHarrison, Harry$d1925-2012$4edt$0(NO-TrBIB)90125333
=700  1\$aHerbert, Frank$d1920-1986$4aut$0(NO-TrBIB)90067971
=700  1\$aKnight, Damon.$4aut$0(NO-TrBIB)90762006
=700  1\$aLeiber, Fritz$d1910-1992$4aut$0(NO-TrBIB)90705550
=700  1\$aMacLean, Katherine.$4aut$0(NO-TrBIB)12070900
=700  1\$aPohl, Frederik$d1919-2013$4aut$0(NO-TrBIB)90058471
=700  1\$aReynolds, Mack.$4aut$0(NO-TrBIB)12056609

