=LDR  00601cam a22002177c 4500
=001  991416641184702201
=003  BIBSYS
=005  20150206120624.0
=007  ta
=008  150206s1969\\\\xx#|||||||||||000|f|eng|d
=020  \\$qh.
=035  \\$a(NO-TrBIB)141664118
=035  \\$a141664118-47bibsys_network
=040  \\$aNO-TrBIB$bnob$ekatreg
=100  1\$aBallard, J.G.$d1930-2009$4aut$0(NO-TrBIB)90199005$1http://viaf.org/viaf/9842556$4http://rdaregistry.info/Elements/w/object/P10061
=245  14$aThe disaster area$cJ.G. Ballard
=260  \\$aLondon$bPanther Books$c1969
=300  \\$a191 s.
=655  \7$ascience fiction$2noubmn

