=LDR  00621cam a22002177c 4500
=001  991418336024702201
=003  BIBSYS
=005  20150206120624.0
=007  ta
=008  150206s1963\\\\xx#|||||||||||000|j|eng|d
=020  \\$qh.
=035  \\$a(NO-TrBIB)141833602
=035  \\$a141833602-47bibsys_network
=040  \\$aNO-TrBIB$bnob$ekatreg
=100  1\$aBallard, J.G.$d1930-2009$4aut$0(NO-TrBIB)90199005$1http://viaf.org/viaf/9842556$4http://rdaregistry.info/Elements/w/object/P10061
=245  10$aPassport to eternity$cJ.G. Ballard
=260  \\$aNEw York$bBerkley Medallion Books$ccop. 1963
=300  \\$a160 s.
=655  \7$ascience fiction$2noubmn

