=LDR  00843cam a22002417c 4500
=001  991418339554702201
=003  BIBSYS
=005  20150206120624.0
=007  ta
=008  150206s1980\\\\xx#|||||||||||000|j|eng|d
=020  \\$a0586051872$qh.
=035  \\$a(NO-TrBIB)141833955
=035  \\$a141833955-47bibsys_network
=040  \\$aNO-TrBIB$bnob$ekatreg
=100  1\$aBallard, J.G.$d1930-2009$4aut$0(NO-TrBIB)90199005$1http://viaf.org/viaf/9842556$4http://rdaregistry.info/Elements/w/object/P10061
=245  14$aThe venus hunters$cJ.G. Ballard
=260  \\$aLondon$bGranada Publishing$c1980
=300  \\$a144 s.
=655  \7$ascience fiction$2noubmn
=856  42$3Miniatyrbilde$uhttps://contents.bibsys.no/content/images/small/0/7/9780586051870.jpg$qimage/jpeg
=856  42$3Omslagsbilde$uhttps://contents.bibsys.no/content/images/large/0/7/9780586051870.jpg$qimage/jpeg

