=LDR  00610cam a22002177c 4500
=001  991418343584702201
=003  BIBSYS
=005  20150206120624.0
=007  ta
=008  150206s1978\\\\xx#|||||||||||000|f|eng|d
=020  \\$a0445041811$qh.
=035  \\$a(NO-TrBIB)141834358
=035  \\$a141834358-47bibsys_network
=040  \\$aNO-TrBIB$bnob$ekatreg
=100  1\$aBallard, J.G.$d1930-2009$4aut$0(NO-TrBIB)90199005$1http://viaf.org/viaf/9842556$4http://rdaregistry.info/Elements/w/object/P10061
=240  10$aHigh-rise$1http://viaf.org/viaf/308016990
=245  10$aHigh-rise$cBallard, J.G.
=260  \\$aNew York$bPopular Library$c1978
=300  \\$a252 s.
=655  \7$ascience fiction$2noubmn

