=LDR  00986cam a22002657c 4500
=001  991418440944702201
=003  BIBSYS
=005  20150206120624.0
=007  ta
=008  150206s1978\\\\xx#|||||||||||000|f|eng|d
=020  \\$a0586045031$qh.
=035  \\$a(NO-TrBIB)141844094
=035  \\$a141844094-47bibsys_network
=040  \\$aNO-TrBIB$bnob$ekatreg
=100  1\$aBallard, J.G.$d1930-2009$0(NO-TrBIB)90199005$1http://viaf.org/viaf/9842556$4http://rdaregistry.info/Elements/w/object/P10061
=245  10$aLow-flying aircraft$cJ.G. Ballard
=260  \\$aSt Albans$bTriad$c1978
=300  \\$a190 s.
=653  \\$afantasy$ascience$afiction
=655  \7$ascience fiction$2noubonm
=856  42$3Miniatyrbilde$uhttps://contents.bibsys.no/content/images/small/9/3/9780586045039.jpg$qimage/jpeg
=856  42$3Omslagsbilde$uhttp://innhold.bibsys.no/bilde/forside/?size=mini&id=9780586045039.jpg$qimage/jpeg
=856  42$3Omslagsbilde$uhttps://contents.bibsys.no/content/images/large/9/3/9780586045039.jpg$qimage/jpeg

