=LDR  01299cam a2200301 c 4500
=001  991420740124702201
=003  BIBSYS
=005  20210605100937.0
=007  ta
=008  150206s2014\\\\xx\|||||||||||000|f|eng|d
=020  \\$a9780007221837$qh.
=035  \\$a(NO-TrBIB)142074012
=035  \\$a142074012-47bibsys_network
=040  \\$aNO-TrBIB$bnob$ekatreg
=082  04$a808.838762$qNoOU$223
=100  1\$aBallard, J.G.$d1930-2009$4aut$0(NO-TrBIB)90199005$1http://viaf.org/viaf/9842556$4http://rdaregistry.info/Elements/w/object/P10061
=245  14$aThe drowned world$cJ.G. Ballard
=260  \\$aLondon$bFourth Estate$c2014
=300  \\$a185 s.
=655  \7$aScience fiction$2noubomn$0(NO-TrBIB)REAL030105
=856  42$3Beskrivelse fra forlaget (kort)$uhttp://content.bibsys.no/content/?type=descr_publ_brief&isbn=0007221835
=856  42$3Beskrivelse fra forlaget (lang)$uhttp://content.bibsys.no/content/?type=descr_publ_full&isbn=0007221835
=856  42$3Forlagets beskrivelse (kort)$uhttps://contents.bibs.aws.unit.no/content/?isbn=9780007221837
=856  42$3Forlagets beskrivelse (lang)$uhttps://contents.bibs.aws.unit.no/content/?isbn=9780007221837
=856  42$3Omslagsbilde$uhttp://innhold.bibsys.no/bilde/forside/?size=mini&id=9780007221837.jpg$qimage/jpeg

