=LDR  00756cam a22002537c 4500
=001  991421324894702201
=003  BIBSYS
=005  20170926143438.0
=007  ta
=008  150206s1962\\\\xx#|||||||||||000|f|eng|d
=020  \\$qib.
=035  \\$a(NO-TrBIB)142132489
=035  \\$a142132489-47bibsys_network
=040  \\$aNO-TrBIB$bnob$ekatreg
=100  1\$aBallard, J.G.$d1930-2009$0(NO-TrBIB)90199005$1http://viaf.org/viaf/9842556$4http://rdaregistry.info/Elements/w/object/P10061
=245  14$aThe drowned world$cJ. G. Ballard
=260  \\$aNew York$bDouble Day$c1962
=300  \\$a316 s.
=500  \\$aInneholder også: The wind from nowhere
=653  \\$afantasy$ascience$afiction
=655  \7$aScience fiction$2noubomn$0(NO-TrBIB)REAL030105
=700  \2$aBallard, J.G.$d1930-2009$tThe Drowned World$1http://viaf.org/viaf/309277534
=700  \2$aBallard, J.G.$d1930-2009$tThe wind from nowhere$1http://viaf.org/viaf/3869162301514520270000
=740  0\$aThe wind from nowhere

