=LDR  00561cam a22002057c 4500
=001  991421409374702201
=003  BIBSYS
=005  20150206120624.0
=007  ta
=008  150206s1989\\\\xx#|||||||||||000|f|eng|d
=020  \\$a0099634104$qh.
=035  \\$a(NO-TrBIB)142140937
=035  \\$a142140937-47bibsys_network
=040  \\$aNO-TrBIB$bnob$ekatreg
=100  1\$aBallard, J.G.$d1930-2009$0(NO-TrBIB)90199005$1http://viaf.org/viaf/9842556$4http://rdaregistry.info/Elements/w/object/P10061
=240  10$aRunning Wild$1http://viaf.org/viaf/481153289950332770009
=245  10$aRunning wild$cJ. G. Ballard
=260  \\$aLondon$bArrow Books$c1989
=300  \\$a87 s.

