=LDR  01780cam a22004337c 4500
=001  991421772704702201
=003  BIBSYS
=005  20150206120624.0
=007  ta
=008  150206s1990\\\\xx#|||||||||||000|||eng|d
=020  \\$a0450531201$qh.
=035  \\$a(NO-TrBIB)14217727x
=035  \\$a14217727x-47bibsys_network
=040  \\$aNO-TrBIB$bnob$ekatreg
=245  00$aInterzone :$bThe 4th anthology$cEdited by John Clute, David Pringle & Simon Ounsley
=260  \\$aLondon$bNew English Library$c1990
=300  \\$a208 s.
=653  \\$afantasy$ascience$afiction
=700  1\$aBallard, J.G.$d1930-2009$4aut$0(NO-TrBIB)90199005
=700  1\$aBaxter, S. M..$4aut$0(NO-TrBIB)90192800
=700  1\$aBayley, Barrington J..$4aut$0(NO-TrBIB)12069567
=700  1\$aBrown, Eric$4aut$0(NO-TrBIB)14030381
=700  1\$aCalder, Richard$4aut$0(NO-TrBIB)14030390
=700  1\$aClute, John$4edt$0(NO-TrBIB)90196026
=700  1\$aEgan, Freg.$4aut$0(NO-TrBIB)14030391
=700  1\$aGoldstein, Lisa.$4aut$0(NO-TrBIB)14030392
=700  1\$aGriffith, Nicola.$4aut$0(NO-TrBIB)11040414
=700  1\$aLangford, David$4aut$0(NO-TrBIB)90054351
=700  1\$aLee, Ian.$4aut$0(NO-TrBIB)14030389
=700  1\$aNewman, Kim.$4aut$0(NO-TrBIB)90842109
=700  1\$aOunsley, Simon$4edt$0(NO-TrBIB)14030384
=700  1\$aPollack, Rachel.$4aut$0(NO-TrBIB)12074391
=700  1\$aPringle, David$4edt$0(NO-TrBIB)90982246
=700  1\$aRobinson, Kim Stanley$d1952-$4aut$0(NO-TrBIB)90808994
=700  1\$aSladek, John$d1937-2000$4aut$0(NO-TrBIB)90257574
=700  1\$aStableford, Brian$d1948-$4aut$0(NO-TrBIB)90234850
=856  42$3Beskrivelse fra forlaget (kort)$uhttp://content.bibsys.no/content/?type=descr_publ_brief&isbn=0450531201

