=LDR  01100cam a22002777c 4500
=001  991422059744702201
=003  BIBSYS
=005  20210601013225.0
=007  ta
=008  150206s1996\\\\xx#|||||||||||000|f|eng|d
=020  \\$a0002241358$qib.
=020  \\$a9780002241359$qib.
=035  \\$a(NO-TrBIB)142205974
=035  \\$a142205974-47bibsys_network
=040  \\$aNO-TrBIB$bnob$ekatreg
=100  1\$aBallard, J.G.$d1930-2009$0(NO-TrBIB)90199005$1http://viaf.org/viaf/9842556$4http://rdaregistry.info/Elements/w/object/P10061
=245  10$aCocaine nights$cJ.G. Ballard
=260  \\$aLondon$bFlamingo$c1996
=300  \\$a329 s.
=653  \\$afantasy$ascience$afiction
=856  42$3Beskrivelse fra forlaget (kort)$uhttp://content.bibsys.no/content/?type=descr_publ_brief&isbn=0002241358
=856  42$3Beskrivelse fra forlaget (lang)$uhttp://content.bibsys.no/content/?type=descr_publ_full&isbn=0002241358
=856  42$3Forlagets beskrivelse (kort)$uhttps://contents.bibs.aws.unit.no/content/?isbn=9780002241359
=856  42$3Omslagsbilde$uhttp://innhold.bibsys.no/bilde/forside/?size=mini&id=9780002241359.jpg$qimage/jpeg

