=LDR  00721cam a2200241 c 4500
=001  991422264594702201
=003  BIBSYS
=005  20170926143454.0
=007  ta
=008  150206s1977\\\\xx#|||||||||||000|f|eng|d
=020  \\$a0860079430$qh.
=035  \\$a(NO-TrBIB)142226459
=035  \\$a142226459-47bibsys_network
=040  \\$aNO-TrBIB$bnob$ekatreg
=082  04$a808.838762$qNoOU$223
=100  1\$aBallard, J.G.$d1930-2009$4aut$0(NO-TrBIB)90199005$1http://viaf.org/viaf/9842556$4http://rdaregistry.info/Elements/w/object/P10061
=245  14$aThe Best of J.G. Ballard$cJ.G. Ballard
=260  \\$aLondon$bFutura Publ.$c1977
=300  \\$a411 s.
=653  \\$afantasy$ascience$afiction
=655  \7$aScience fiction$2noubomn$0(NO-TrBIB)REAL030105

