=LDR  01808cam a22004577c 4500
=001  991429239744702201
=003  BIBSYS
=005  20180202102928.0
=007  ta
=008  150206s1974\\\\xx#|||||||||||000|f|eng|d
=020  \\$a0722132999$qh.
=035  \\$a(NO-TrBIB)142923974
=035  \\$a142923974-47bibsys_network
=040  \\$aNO-TrBIB$bnob$ekatreg
=245  00$aDangerous visions 3$cEdited and introduced by Harlan Ellison
=260  \\$aLondon$bSphere Books$c1974
=300  \\$a270 s.
=490  1\$aDangersous vision$v3
=653  \\$afantasy$ascience$afiction
=655  \7$aScience fiction$2noubonm
=700  1\$aBallard, J.G.$d1930-2009$4aut$0(NO-TrBIB)90199005
=700  1\$aBrand, Jonathan.$4aut$0(NO-TrBIB)14037969
=700  1\$aBrunner, John$d1934-1995$4aut$0(NO-TrBIB)90763497
=700  1\$aDelany, Samuel R.$d1942-$4aut$0(NO-TrBIB)90697672
=700  1\$aDillon, Diane$d1933-$4ill$0(NO-TrBIB)97014042
=700  1\$aDillon, Leo$d1933-2012$4ill$0(NO-TrBIB)97014043
=700  1\$aDorman, Sonya.$4aut$0(NO-TrBIB)13020582
=700  1\$aEisenberg, Larry$4aut$0(NO-TrBIB)14037970
=700  1\$aEllison, Harlan$d1934-$4edt$0(NO-TrBIB)5015711
=700  1\$aEllison, Harlan,$d1934-$4aut$0(NO-TrBIB)5015711
=700  1\$aLafferty, R. A.$4aut$0(NO-TrBIB)99006126
=700  1\$aLaumer, Keith$d1925-1993$4aut$0(NO-TrBIB)12049256
=700  1\$aNeville, Kris.$4aut$0(NO-TrBIB)90081339
=700  1\$aSladek, John T..$4aut$0(NO-TrBIB)14027114
=700  1\$aSlesar, Henry$d1927-2002$4aut$0(NO-TrBIB)6045971
=700  1\$aSpinrad, Norman$d1940-$4aut$0(NO-TrBIB)90127778
=700  1\$aSturgeon, Theodore$d1918-1985$4aut$0(NO-TrBIB)90967876
=700  1\$aZelazny, Roger$4aut$0(NO-TrBIB)90114292
=830  \0$aDangersous vision$v3

