=LDR  00863cam a22002417c 4500
=001  991440138604702201
=003  BIBSYS
=005  20150206120624.0
=007  ta
=008  150206s1988\\\\xx#|||||||||||000|f|eng|d
=020  \\$a0881844225$qh.
=035  \\$a(NO-TrBIB)14401386x
=035  \\$a14401386x-47bibsys_network
=040  \\$aNO-TrBIB$bnob$ekatreg
=100  1\$aBallard, J.G.$d1930-2009$0(NO-TrBIB)90199005$1http://viaf.org/viaf/9842556$4http://rdaregistry.info/Elements/w/object/P10061
=245  10$aVermilion sands$cJ. G. Ballard
=260  \\$aNew York$bCarroll &Graf Publishers$c1988
=300  \\$a208 s.
=653  \\$afantasy$ascience$afiction
=856  42$3Beskrivelse fra forlaget (kort)$uhttp://content.bibsys.no/content/?type=descr_publ_brief&isbn=0881844225
=856  42$3Beskrivelse fra forlaget (lang)$uhttp://content.bibsys.no/content/?type=descr_publ_full&isbn=0881844225

