=LDR  01671cam a2200445 c 4500
=001  991500939504702201
=003  BIBSYS
=005  20211104080525.0
=007  ta
=008  150928s2014\\\\no#|||||||||||000|0|mul|\
=015  \\$a1509219$2nbf
=020  \\$qh.
=035  \\$a(NO-TrBIB)150093950
=035  \\$a150093950-47bibsys_network
=040  \\$aNO-OsNB$bnob$ekatreg
=041  \\$aeng$anob
=042  \\$anorbibl
=044  \\$cno
=082  74$a823$qNO-OsNB$25/nor
=245  00$aJ.G. Ballard :$bOnly Connect Festival of Sound$c[redaktører: Anne Hilde Neset, Audun Vinger ; bidragsytere: Leif Bull ... [et al.]]
=246  14$aJ.G. Ballard x Oslo
=260  \\$aOslo$bnyMusikk$c2014
=300  \\$a127 s.$bill.
=500  \\$aBidrag på norsk og engelsk
=500  \\$aMed festivalprogram foldet som magebind rundt boken
=533  \\$aElektronisk reproduksjon$b[Norge]$cNasjonalbiblioteket Digital$d2018-07-18
=600  17$aBallard, J.G.$d1930-2009$0(NO-TrBIB)90199005$2bare
=700  1\$aBull, Leif$d1977-$4aut$0(NO-TrBIB)15006569
=700  1\$aNeset, Anne Hilde,$d1973-$4edt$0(NO-TrBIB)3079453
=700  1\$aVinger, Audun$d1974-$4edt$0(NO-TrBIB)11053816
=710  2\$aNy musikk.$4pbl$0(NO-TrBIB)90087985
=711  2\$aOnly Connect Festival of Sound$0(NO-TrBIB)15006568
=740  0\$aJ.G. Ballard ganger Oslo
=740  0\$aJ.G. Ballard x Oslo
=856  41$3Fulltekst$uhttps://www.nb.no/search?q=oaiid:"oai:nb.bibsys.no:991500939504702202"&mediatype=bøker$yNettbiblioteket$zSøke-URL

