=LDR  01246cgm a22003737c 4500
=001  991502280234702201
=003  BIBSYS
=005  20150202155614.0
=007  vd\|v||||
=008  150202s2001\\\\xx#|||||||||||q###v|eng|d
=020  \\$a9789058490674
=035  \\$a(NO-TrBIB)150228023
=035  \\$a(NO-TrBIB)150228023
=040  \\$aNO-TrBIB$bnob$ekatreg
=245  04$aThe Atrocity exhibition$cdirector Jonathan Weiss
=260  \\$aAmsterdam$bFilmfreak Distributie$c2001
=300  \\$a1 videoplate (DVD-video) (105 min)$blyd, kol.$e1 hefte
=500  \\$a"With audio commentary by J.G. Ballard & Jonathan Weiss" Omslaget
=500  \\$aDrama, grøsser
=500  \\$aEngelsk tale, franske, nederlandske, tyske og spanske undertekster
=500  \\$aFilmen bygger på en roman av J.G. Ballard
=500  \\$aKodet for region 0 (PAL)
=500  \\$aMusikk: J.G. Thirlwell (Foetus)
=500  \\$aRolleliste: Victor Slezak, Anna Juvander, Michael Kirby
=500  \\$aVFC46369
=655  \7$aSpillefilmer$2khib
=700  1\$aBallard, J.G.
=700  1\$aJuvander, Anna
=700  1\$aKirby, Michael
=700  1\$aSlezak, Victor
=700  1\$aThirlwell, J.G.
=700  1\$aWeiss, Jonathan

