=LDR  01551cam a2200361 c 4500
=001  991505938054702201
=003  BIBSYS
=005  20210601234720.0
=007  ta
=008  150416s2011\\\\xx#|||||||||||000|u|eng|d
=020  \\$a9781441161956$qib.
=035  \\$a(NO-TrBIB)150593805
=035  \\$a150593805-47bibsys_network
=040  \\$aNO-TrBIB$bnob$ekatreg
=082  04$a828$qNoOU$223
=100  1\$aFrancis, Samuel T..$4aut$0(NO-TrBIB)90368020
=245  14$aThe psychological fictions of J.G. Ballard$cSamuel Francis
=260  \\$aLondon$bContinuum$ccop. 2011
=300  \\$a202 s.
=490  1\$aContinuum literary studies series
=600  17$aBallard, J.G.$d1930-2009$0(NO-TrBIB)90199005$2bare
=650  \0$aPsychology in literature
=650  \7$aLitteratur$2humord$0(NO-TrBIB)HUME06452
=650  \7$aMotiver$2humord$0(NO-TrBIB)HUME29169
=650  \7$aPsykologi$2humord$0(NO-TrBIB)HUME07972
=830  \0$aContinuum literary studies series
=856  42$3Beskrivelse fra forlaget (kort)$uhttp://content.bibsys.no/content/?type=descr_publ_brief&isbn=1441161953
=856  42$3Beskrivelse fra forlaget (lang)$uhttp://content.bibsys.no/content/?type=descr_publ_full&isbn=1441161953
=856  42$3Innholdsfortegnelse$uhttp://content.bibsys.no/content/?type=toc&isbn=1441161953
=856  42$3Innholdsfortegnelse$uhttps://contents.bibs.aws.unit.no/content/?isbn=9781441161956
=856  42$3Omslagsbilde$uhttp://innhold.bibsys.no/bilde/forside/?size=mini&id=9781441161956.jpg$qimage/jpeg

