=LDR  01916cam a22004577c 4500
=001  991512105354702201
=003  BIBSYS
=005  20150703140638.0
=007  ta
=008  150703s1957\\\\xx#|||||||||||000|||eng|d
=020  \\$qh.
=035  \\$a(NO-TrBIB)151210535
=035  \\$a151210535-47bibsys_network
=040  \\$aNO-TrBIB$bnob$ekatreg
=100  1\$aMerril, Judith.$4edt$0(NO-TrBIB)8036947
=245  10$aSF the year's greatest science-fiction and fantasy :$b18 stories and novelettes, Second annual volume$cEdited by Judith Merril
=260  \\$aNew York$bDell Publication$c1957
=300  \\$a320 s.
=490  1\$aSF the year's greatest science-fiction and fantasy$v2
=700  1\$aAbernathy, Robert.$4aut$0(NO-TrBIB)13022307
=700  1\$aAsimov, Isaac$d1920-1992$4aut$0(NO-TrBIB)90104376
=700  1\$aBallard, J.G.$d1930-2009$4aut$0(NO-TrBIB)90199005
=700  1\$aBretnor, R..$4aut$0(NO-TrBIB)13012027
=700  1\$aBudrys, Algis$d1931-$4aut$0(NO-TrBIB)12064560
=700  1\$aDaley, John Bernard.$4aut$0(NO-TrBIB)15026203
=700  1\$aGarrett, Randall.$4aut$0(NO-TrBIB)8029550
=700  1\$aHenderson, Zenna.$4aut$0(NO-TrBIB)13008872
=700  1\$aKanin, Garson.$4aut$0(NO-TrBIB)90063568
=700  1\$aKnight, Damon.$4aut$0(NO-TrBIB)90762006
=700  1\$aKornbluth, C.M..$4aut$0(NO-TrBIB)90955928
=700  1\$aMalpass, E.L..$4aut$0(NO-TrBIB)15026202
=700  1\$aMerril, Judith.$4aut$0(NO-TrBIB)8036947
=700  1\$aNathan, Robert.$4aut$0(NO-TrBIB)6073674
=700  1\$aReynolds, Mack.$4aut$0(NO-TrBIB)12056609
=700  1\$aRussell, Ray.$4aut$0(NO-TrBIB)7066954
=700  1\$aSturgeon, Theodore$d1918-1985$4aut$0(NO-TrBIB)90967876
=700  1\$aThomas, Theodore L..$4aut$0(NO-TrBIB)90073818
=700  1\$aThorne, Roger.$4aut$0(NO-TrBIB)15026201
=830  \0$aSF the year's greatest science-fiction and fantasy$v2

