=LDR  02117cam a22004937c 4500
=001  991513224574702201
=003  BIBSYS
=005  20150806141900.0
=007  ta
=008  150806s1960\\\\xx#|||||||||||000|||eng|d
=020  \\$qh.
=035  \\$a(NO-TrBIB)151322457
=035  \\$a151322457-47bibsys_network
=040  \\$aNO-TrBIB$bnob$ekatreg
=100  1\$aMerril, Judith.$4edt$0(NO-TrBIB)8036947
=245  10$aSF the year's greatest science-fiction and fantasy :$b5th annual edition$cEdited by Judith Merril
=260  \\$aNew York$bDell Publication$c1960
=300  \\$a320 s.
=490  1\$aSF the year's greatest science-fiction and fantasy$v5
=700  1\$aBallard, J.G.$d1930-2009$4aut$0(NO-TrBIB)90199005
=700  1\$aBlock, Lawrence$d1938-$4aut$0(NO-TrBIB)90172061
=700  1\$aBradbury, Ray$d1920-2012$4aut$0(NO-TrBIB)90083059
=700  1\$aCampbell, John W. Jr..$4aut$0(NO-TrBIB)13011470
=700  1\$aDavidson, Avram.$4aut$0(NO-TrBIB)13000919
=700  1\$aDickson, Gordon R..$4aut$0(NO-TrBIB)12066060
=700  1\$aDighton, Ralph$4aut$0(NO-TrBIB)15029444
=700  1\$aEmshwiller, Carol$d1921-$4aut$0(NO-TrBIB)13020578
=700  1\$aFinney, Jack.$4aut$0(NO-TrBIB)90850934
=700  1\$aGarret, Randall.$4aut$0(NO-TrBIB)15024655
=700  1\$aKeyes, Daniel$d1927-$4aut$0(NO-TrBIB)8046619
=700  1\$aKnight, Damon.$4aut$0(NO-TrBIB)90762006
=700  1\$aLangart, Darrel T..$4aut$0(NO-TrBIB)15029443
=700  1\$aLeiber, Fritz$d1910-1992$4aut$0(NO-TrBIB)90705550
=700  1\$aMerril, Judith.$4aut$0(NO-TrBIB)8036947
=700  1\$aPrice, Roger$d1944-$4aut$0(NO-TrBIB)90387408
=700  1\$aSchenck, Hilbert, Jr..$4aut$0(NO-TrBIB)10015472
=700  1\$aSharkey, Jack$4aut$0(NO-TrBIB)15029445
=700  1\$aSimak, Clifford D..$4aut$0(NO-TrBIB)90127777
=700  1\$aSmith, Cordwainer$d1913-1966$4aut$0(NO-TrBIB)8046668
=700  1\$aSturgeon, Theodore$d1918-1985$4aut$0(NO-TrBIB)90967876
=700  1\$aWorthington, Will.$4aut$0(NO-TrBIB)13071824
=830  \0$aSF the year's greatest science-fiction and fantasy$v5

