=LDR  02177cam a22005057c 4500
=001  991514454514702201
=003  BIBSYS
=005  20180202103420.0
=007  ta
=008  150803s1968\\\\xx#|||||||||||000|||eng|d
=035  \\$a(NO-TrBIB)151445451
=035  \\$a151445451-47bibsys_network
=040  \\$aNO-TrBIB$bnob$ekatreg
=100  1\$aLangelaan, George.$4aut$0(NO-TrBIB)13013329
=245  14$aThe playboy book of science fiction and fantasy$cSelected by the editors of Playboy
=260  \\$aChicago$bPalyboy Press$c1968
=300  \\$a403 s.
=700  1\$aAtherton, John.$4aut$0(NO-TrBIB)4027708
=700  1\$aBallard, J.G.$d1930-2009$4aut$0(NO-TrBIB)90199005
=700  1\$aBeaumont, Charles.$4aut$0(NO-TrBIB)13012026
=700  1\$aBloch, Robert$d1917-1994$4aut$0(NO-TrBIB)90086845
=700  1\$aBradbury, Ray$d1920-2012$4aut$0(NO-TrBIB)90083059
=700  1\$aBrown, Fredric.$4aut$0(NO-TrBIB)98051350
=700  1\$aClarke, Arthur C.$d1917-2008$q(Arthur Charles)$4aut$0(NO-TrBIB)90725602
=700  1\$aDavidson, Avram.$4aut$0(NO-TrBIB)13000919
=700  1\$aFinney, Jack.$4aut$0(NO-TrBIB)90850934
=700  1\$aFriedman, Bruce Jay.$4aut$0(NO-TrBIB)90240953
=700  1\$aGrove, Walt.$4aut$0(NO-TrBIB)3070666
=700  1\$aNeal, H.C..$4aut$0(NO-TrBIB)15032302
=700  1\$aNissenson, Huge.$4aut$0(NO-TrBIB)15032301
=700  1\$aNourse, Alan E..$4aut$0(NO-TrBIB)99003479
=700  1\$aPohl, Frederik$d1919-2013$4aut$0(NO-TrBIB)90058471
=700  1\$aPohl, Frederik,$d1919-2013$4aut$0(NO-TrBIB)90058471
=700  1\$aPurdy, Ken W..$4aut$0(NO-TrBIB)4097734
=700  1\$aRussell, Ray.$4aut$0(NO-TrBIB)7066954
=700  1\$aSheckley, Robert.$4aut$0(NO-TrBIB)90222749
=700  1\$aSlesar, Henry$d1927-2002$4aut$0(NO-TrBIB)6045971
=700  1\$aSturgeon, Theodore$d1918-1985$4aut$0(NO-TrBIB)90967876
=700  1\$aTenn, William$d1920-2010$4aut$0(NO-TrBIB)12069468
=700  1\$aThomas, Theodore L..$4aut$0(NO-TrBIB)90073818
=700  1\$aWebb, Leland.$4aut$0(NO-TrBIB)15032303
=700  1\$aWolfe, Bernard$4aut$0(NO-TrBIB)1028321
=700  1\$aWolfe, Bernard$4aut$0(NO-TrBIB)1028321

