=LDR  01370cam a2200385 c 4500
=001  998521676524702201
=003  BIBSYS
=005  20211031220401.0
=007  cr||||||||||||
=007  ta
=008  150206s1985\\\\no#|||||\|||||000|1|nob|d
=015  \\$a8500840$2nbf
=015  \\$a8503714$2nbf
=020  \\$a8203150462$qib.$cNkr 159.00
=035  \\$a(NO-TrBIB)130639206
=035  \\$a(NO-TrBIB)852167652
=035  \\$a852167652-47bibsys_network
=040  \\$aNO-TrBIB$bnob$ekatreg
=041  1\$heng
=044  \\$cno
=082  74$a823$qNO-OsNB$24/nor
=100  1\$aBallard, J.G.$d1930-2009$0(NO-TrBIB)90199005$1http://viaf.org/viaf/9842556$4http://rdaregistry.info/Elements/w/object/P10061
=245  10$aSolens rike$cJ. G. Ballard ; oversatt av Kari og Kjell Risvik
=246  1\$aEmpire of the sun$iOriginaltittel
=260  \\$aOslo$bAschehoug$c1985
=300  \\$a291 s.$c22 cm
=533  \\$aElektronisk reproduksjon$b[Norge]$cNasjonalbiblioteket Digital$d2013-02-14
=700  1\$aRisvik, Kari$4trl
=700  1\$aRisvik, Kjell$4trl
=856  41$3Fulltekst$uhttps://www.nb.no/search?q=oaiid:"oai:nb.bibsys.no:998521676524702202"&mediatype=bøker$yNettbiblioteket$zSøke-URL
=856  42$3Beskrivelse fra Forlagssentralen$uhttp://content.bibsys.no/content/?type=descr_forlagssentr&isbn=8203150462

