=LDR  01025cam a2200289 c 4500
=001  998540891524702201
=003  BIBSYS
=005  20150206120624.0
=007  ta
=008  150206s1984\\\\xx#|||||||||||000|u|eng|d
=020  \\$a0575034831
=035  \\$a(NO-TrBIB)854089152
=035  \\$a854089152-47bibsys_network
=040  \\$aNO-TrBIB$bnob$ekatreg
=080  \\$a820-3
=100  1\$aBallard, J.G.$d1930-2009$0(NO-TrBIB)90199005$1http://viaf.org/viaf/9842556$4http://rdaregistry.info/Elements/w/object/P10061
=240  10$aEmpire of the sun$1http://viaf.org/viaf/180997771
=245  10$aEmpire of the sun$cJ. G. Ballard
=260  \\$aLondon$bGollancz$c1984
=300  \\$a278 s.$bkart
=653  \\$aromaner$aengelsk$aspråk
=856  42$3Forlagets beskrivelse (kort)$uhttps://contents.bibsys.no/content/9780575034839?type=DESCRIPTION_SHORT
=856  42$3Forlagets beskrivelse (lang)$uhttps://contents.bibsys.no/content/9780575034839?type=DESCRIPTION_LONG

