=LDR  00737cam a2200229 c 4500
=001  998540926174702201
=003  BIBSYS
=005  20150206120624.0
=007  ta
=008  150206s1982\\\\xx#|||||||||||000|u|eng|d
=020  \\$a0224029363
=035  \\$a(NO-TrBIB)854092617
=035  \\$a854092617-47bibsys_network
=040  \\$aNO-TrBIB$bnob$ekatreg
=100  1\$aBallard, J.G.$d1930-2009$0(NO-TrBIB)90199005$1http://viaf.org/viaf/9842556$4http://rdaregistry.info/Elements/w/object/P10061
=245  10$aMyths of the near future$cJ. G. Ballard
=260  \\$aLondon$bCape$c1982
=300  \\$a205 s.
=856  42$3Forlagets beskrivelse (kort)$uhttps://contents.bibsys.no/content/9780224029360?type=DESCRIPTION_SHORT

