=LDR  00642cam a2200229 c 4500
=001  998541240204702201
=003  BIBSYS
=005  20150206120624.0
=007  ta
=008  150206s1984\\\\xx#|||||||||||000|u|eng|d
=020  \\$a0460022652
=035  \\$a(NO-TrBIB)854124020
=035  \\$a854124020-47bibsys_network
=040  \\$aNO-TrBIB$bnob$ekatreg
=100  1\$aBallard, J.G.$d1930-2009$0(NO-TrBIB)90199005$1http://viaf.org/viaf/9842556$4http://rdaregistry.info/Elements/w/object/P10061
=245  14$aThe terminal beach$cJ. G. Ballard
=260  \\$aLondon$bDent$c1984
=300  \\$a220 s.
=490  0\$aEveryman fiction

