=LDR  00556cam a2200205 c 4500
=001  998541242684702201
=003  BIBSYS
=005  20150206120624.0
=007  ta
=008  150206s1984\\\\xx#|||||||||||000|u|eng|d
=020  \\$a0224611887
=035  \\$a(NO-TrBIB)854124268
=035  \\$a854124268-47bibsys_network
=040  \\$aNO-TrBIB$bnob$ekatreg
=100  1\$aBallard, J.G.$d1930-2009$0(NO-TrBIB)90199005$1http://viaf.org/viaf/9842556$4http://rdaregistry.info/Elements/w/object/P10061
=245  14$aThe disaster area$cJ. G. Ballard
=260  \\$aLondon$bCape$c1984
=300  \\$a205 s.

