=LDR  00563cam a2200205 c 4500
=001  998830387144702201
=003  BIBSYS
=005  20150206120624.0
=007  ta
=008  150206s1987\\\\xx#|||||||||||000|u|und|d
=020  \\$a0575041528
=035  \\$a(NO-TrBIB)883038714
=035  \\$a883038714-47bibsys_network
=040  \\$aNO-TrBIB$bnob$ekatreg
=100  1\$aBallard, J.G.$d1930-2009$0(NO-TrBIB)90199005$1http://viaf.org/viaf/9842556$4http://rdaregistry.info/Elements/w/object/P10061
=245  14$aThe day of creation$cJ. G. Ballard
=260  \\$aLondon$bGollancz$c1987
=300  \\$a254 s.

