=LDR  01650cam a2200457 c 4500
=001  998900368454702201
=003  BIBSYS
=005  20211031115801.0
=007  cr||||||||||||
=007  ta
=008  150206s1989\\\\no#|||||\|||||000|1|nob|d
=015  \\$a8503714$2nbf
=020  \\$a8252518559$qib.$cNkr 99.50
=035  \\$a(NO-TrBIB)143420526
=035  \\$a(NO-TrBIB)890036845
=035  \\$a890036845-47bibsys_network
=040  \\$aNO-TrBIB$bnob$ekatreg
=041  1\$heng
=044  \\$cno
=080  \\$ah
=082  74$a823$qNO-OsNB$24/nor
=100  1\$aBallard, J.G.$d1930-2009$0(NO-TrBIB)90199005$1http://viaf.org/viaf/9842556$4http://rdaregistry.info/Elements/w/object/P10061
=245  10$aSolens rike$cJ. G. Ballard ; oversatt av Kari og Kjell Risvik ; etterord av Yngvar Ustvedt
=246  1\$aEmpire of the sun$iOriginaltittel
=260  \\$aStabekk$bDen norske bokklubben$c1989
=300  \\$a331 s.$c22 cm
=500  \\$a1. norske utg. 1985.
=500  \\$aUtgitt første gang på norsk: Oslo : Aschehoug, 1985
=533  \\$aElektronisk reproduksjon$b[Norge]$cNasjonalbiblioteket Digital$d2014-09-17
=653  \\$averdenskrigen$a1939-1945$afortellinger
=700  1\$aRisvik, Kari$4trl
=700  1\$aRisvik, Kjell$4trl
=856  41$3Fulltekst$uhttps://www.nb.no/search?q=oaiid:"oai:nb.bibsys.no:998900368454702202"&mediatype=bøker$yNettbiblioteket$zSøke-URL

