=LDR  00715cam a2200241 c 4500
=001  999000833104702201
=003  BIBSYS
=005  20150206120624.0
=007  ta
=008  150206r19881987xx#|||||||||||000|u|eng|d
=020  \\$a0586201009
=035  \\$a(NO-TrBIB)90008331x
=035  \\$a90008331x-47bibsys_network
=040  \\$aNO-TrBIB$bnob$ekatreg
=084  \\$aS 11$2utk
=100  1\$aBallard, J.G.$d1930-2009$0(NO-TrBIB)90199005$1http://viaf.org/viaf/9842556$4http://rdaregistry.info/Elements/w/object/P10061
=245  14$aThe day of creation$cJ. G. Ballard
=260  \\$aLondon$bGrafton Books$c1988
=300  \\$a287 s.
=534  \\$aOpptrykk. Oprinnelig utg. London : Gollancz, 1987

