=LDR  01280cam a2200373 c 4500
=001  999002364264702201
=003  BIBSYS
=005  20211103170843.0
=007  ta
=008  150206s1988\\\\no#|||||||||||000|1|nob|d
=020  \\$a8203158390$qib.$cNkr 89.00
=035  \\$a(NO-TrBIB)900236426
=035  \\$a900236426-47bibsys_network
=040  \\$aNO-TrBIB$bnob$ekatreg
=041  1\$heng
=044  \\$cno
=082  74$a823$qNO-OsNB$24/nor
=100  1\$aBallard, J.G.$d1930-2009$0(NO-TrBIB)90199005$1http://viaf.org/viaf/9842556$4http://rdaregistry.info/Elements/w/object/P10061
=245  10$aSolens rike$cJ. G. Ballard ; oversatt av Kari og Kjell Risvik
=246  1\$aEmpire of the sun$iOriginaltittel
=250  \\$a2. oppl.
=260  \\$a[Oslo]$bAschehoug$c1988
=300  \\$a291 s.
=490  1\$aMaxi-bok
=500  \\$a1. norske utg. 1985
=533  \\$aElektronisk reproduksjon$b[Norge]$cNasjonalbiblioteket Digital$d2016-11-03
=700  1\$aRisvik, Kari$d1932-$4trl$0(NO-TrBIB)90181750
=700  1\$aRisvik, Kjell$d1941-$4trl$0(NO-TrBIB)90330576
=830  \0$aMaxi-bok
=856  41$3Fulltekst$uhttps://www.nb.no/search?q=oaiid:"oai:nb.bibsys.no:999002364264702202"&mediatype=bøker$yNettbiblioteket$zSøke-URL

