=LDR  00747cam a22002411c 4500
=001  999007474204702201
=003  BIBSYS
=005  20150206120624.0
=007  ta
=008  150206s1974\\\\xx#|||||||||||000|u|eng|\
=020  \\$a0224009702$qib.
=035  \\$a(NO-TrBIB)900747420
=035  \\$a900747420-47bibsys_network
=040  \\$aNO-OsNB$bnob$ekatreg
=080  \\$a820
=100  1\$aBallard, J.G.$d1930-2009$0(NO-TrBIB)90199005$1http://viaf.org/viaf/9842556$4http://rdaregistry.info/Elements/w/object/P10061
=240  10$aConcrete Island$1http://viaf.org/viaf/174604532
=240  10$aConcrete Island$1http://viaf.org/viaf/174604532
=245  10$aConcrete island$cJ.G. Ballard
=260  \\$aLondon$bCape$c1974
=300  \\$a176 s.
=856  42$3Forlagets beskrivelse (lang)$uhttps://contents.bibsys.no/content/9780224009706?type=DESCRIPTION_LONG

