=LDR  00532cam a22002051c 4500
=001  999007474474702201
=003  BIBSYS
=005  20150206120624.0
=007  ta
=008  150206s1974\\\\xx#|||||||||||000|u|eng|\
=035  \\$a(NO-TrBIB)900747447
=035  \\$a900747447-47bibsys_network
=040  \\$aNO-OsNB$bnob$ekatreg
=100  1\$aBallard, J.G.$d1930-2009$0(NO-TrBIB)90199005$1http://viaf.org/viaf/9842556$4http://rdaregistry.info/Elements/w/object/P10061
=240  10$aCrash$1http://viaf.org/viaf/305922109
=245  10$aCrash$cJ. G. Ballard
=250  \\$aRepr.
=260  \\$aLondon$c1974
=300  \\$a224 s.

