=LDR  00592cam a22002171c 4500
=001  999007474804702201
=003  BIBSYS
=005  20150206120624.0
=007  ta
=008  150206s1978\\\\xx#|||||||||||000|u|eng|\
=035  \\$a(NO-TrBIB)90074748x
=035  \\$a90074748x-47bibsys_network
=040  \\$aNO-OsNB$bnob$ekatreg
=100  1\$aBallard, J.G.$d1930-2009$0(NO-TrBIB)90199005$1http://viaf.org/viaf/9842556$4http://rdaregistry.info/Elements/w/object/P10061
=245  14$aThe drowned world$cJames Graham Ballard
=250  \\$a6th impr.
=260  \\$aLondon$c1978
=300  \\$a175 s.
=500  \\$aFørst utkommet 1963

