=LDR  00636cam a2200217 c 4500
=001  999007475364702201
=003  BIBSYS
=005  20150206120624.0
=007  ta
=008  150206s1992\\\\xx#|||||||||||000|u|eng|d
=020  \\$a0586045031
=035  \\$a(NO-TrBIB)900747536
=035  \\$a900747536-47bibsys_network
=040  \\$aNO-TrBIB$bnob$ekatreg
=100  1\$aBallard, J.G.$d1930-2009$0(NO-TrBIB)90199005$1http://viaf.org/viaf/9842556$4http://rdaregistry.info/Elements/w/object/P10061
=245  10$aLow-flying aircraft and other stories$cJ. G. Ballard
=260  \\$aLondon$bFlamingo$c1992
=300  \\$a190 s.

