=LDR  00520cam a22001931c 4500
=001  999007475954702201
=003  BIBSYS
=005  20150206120624.0
=007  ta
=008  150206s1973\\\\xx#|||||||||||000|u|eng|\
=035  \\$a(NO-TrBIB)900747595
=035  \\$a900747595-47bibsys_network
=040  \\$aNO-OsNB$bnob$ekatreg
=100  1\$aBallard, J.G.$d1930-2009$0(NO-TrBIB)90199005$1http://viaf.org/viaf/9842556$4http://rdaregistry.info/Elements/w/object/P10061
=245  10$aVermilion Sands$cJ. G. Ballard
=260  \\$aLondon$c1973
=300  \\$a208 s.

