=LDR  00668cam a22002291c 4500
=001  999007476504702201
=003  BIBSYS
=005  20150206120624.0
=007  ta
=008  150206s1979\\\\xx#|||||||||||000|u|eng|\
=020  \\$a0586052054$qh.
=035  \\$a(NO-TrBIB)90074765x
=035  \\$a90074765x-47bibsys_network
=040  \\$aNO-OsNB$bnob$ekatreg
=100  1\$aBallard, J.G.$d1930-2009$0(NO-TrBIB)90199005$1http://viaf.org/viaf/9842556$4http://rdaregistry.info/Elements/w/object/P10061
=245  14$aThe unlimited dream company$cJames Graham Ballard
=260  \\$aLondon$bTriad Granada$c1979
=300  \\$a223 s.
=653  \\$afantasy$ascience$afiction
=655  \7$ascience fiction$2noubonm

