=LDR  00911cam a2200277 c 4500
=001  999100144004702201
=003  BIBSYS
=005  20150206120624.0
=007  ta
=008  150206s1990\\\\xx#|||||||||||000|u|eng|d
=020  \\$a0002237709$qib.
=035  \\$a(NO-TrBIB)91001440x
=035  \\$a91001440x-47bibsys_network
=040  \\$aNO-TrBIB$bnob$ekatreg
=084  \\$aS 13b$2oosk
=100  1\$aBallard, J.G.$d1930-2009$0(NO-TrBIB)90199005$1http://viaf.org/viaf/9842556$4http://rdaregistry.info/Elements/w/object/P10061
=245  10$aWar fever$cJ.G. Ballard
=260  \\$aLondon$bCollins$c1990
=300  \\$a176 s.
=856  42$3Forlagets beskrivelse (kort)$uhttps://contents.bibsys.no/content/9780002237703?type=DESCRIPTION_SHORT

