=LDR  00583cam a2200205 c 4500
=001  999111329294702201
=003  BIBSYS
=005  20150206120624.0
=007  ta
=008  150206s1991\\\\xx#|||||||||||000|u|eng|d
=020  \\$a0374181101
=035  \\$a(NO-TrBIB)911132929
=035  \\$a911132929-47bibsys_network
=040  \\$aNO-TrBIB$bnob$ekatreg
=100  1\$aBallard, J.G.$d1930-2009$0(NO-TrBIB)90199005$1http://viaf.org/viaf/9842556$4http://rdaregistry.info/Elements/w/object/P10061
=245  14$aThe kindness of women$cJ. G. Ballard
=260  \\$aNew York$bFarrar, Straus and Giroux$c1991
=300  \\$a343 s.

