=LDR  00687cam a2200217 c 4500
=001  999112180254702201
=003  BIBSYS
=005  20150206120624.0
=007  ta
=008  150206s1991\\\\xx#|||||||||||000|u|eng|d
=020  \\$a0002237717
=035  \\$a(NO-TrBIB)911218025
=035  \\$a911218025-47bibsys_network
=040  \\$aNO-TrBIB$bnob$ekatreg
=100  1\$aBallard, J.G.$d1930-2009$0(NO-TrBIB)90199005$1http://viaf.org/viaf/9842556$4http://rdaregistry.info/Elements/w/object/P10061
=245  14$aThe kindness of women$cJ. G. Ballard
=260  \\$aLondon$bHarperCollins$c1991
=300  \\$a286 s.
=856  42$3Forlagets beskrivelse (kort)$uhttps://contents.bibsys.no/content/9780002237710?type=DESCRIPTION_SHORT

