=LDR  02934cam a2200637 c 4500
=001  999219328124702201
=003  BIBSYS
=005  20211031101116.0
=007  cr||||||||||||
=007  ta
=008  150611s1992\\\\no#||||j\|||||000|1|nob|\
=015  \\$a9202080$2nbf
=020  \\$a8205209332$qib.$cNkr 198.00
=035  \\$a(NO-TrBIB)092464599
=035  \\$a(NO-TrBIB)921932812
=035  \\$a921932812-47bibsys_network
=040  \\$aNO-OsNB$bnob$ekatreg
=044  \\$cno
=080  \\$a82(08)-3
=082  04$a808.83$223
=082  74$a808.83$qNO-OsNB$24/nor
=084  \\$aS 1b$2oosk
=245  00$aDrager og datamaskiner :$bfabelprosa IV$cBing & Bringsværd (red.)
=260  \\$aOslo$bGyldendal$c1992
=300  \\$a195 s.$c22 cm
=533  \\$aElektronisk reproduksjon$b[Norge]$cNasjonalbiblioteket Digital$d2009-05-17
=653  \\$ascience$afiction$afortellinger$a1990-tallet$afantasy
=700  1\$aBing, Jon$d1944-2014$ered.$0(NO-TrBIB)90065026$4edt
=700  1\$aBringsværd, Tor Åge$d1939-$ered.$0(NO-TrBIB)90058926$4edt
=700  12$aAldiss, Brian W.$d1925-$tHvem kan erstatte et menneske?$0(NO-TrBIB)90056060
=700  12$aBallard, J.G.$d1930-2009$tKutt 12$0(NO-TrBIB)90199005
=700  12$aBixby, Jerome$tDet er et fint liv$0(NO-TrBIB)10050830
=700  12$aBradbury, Ray$d1920-2012$tDragen$0(NO-TrBIB)90083059
=700  12$aBradbury, Ray$d1920-2012$tSavanne$0(NO-TrBIB)90083059
=700  12$aCalvino, Italo$d1923-1985$tAvstanden til månen$0(NO-TrBIB)90069217
=700  12$aClarke, Arthur C.$d1917-2008$q(Arthur Charles)$tEt problem for historikere$0(NO-TrBIB)90725602
=700  12$aClarke, Arthur C.$d1917-2008$q(Arthur Charles)$tStjernen$0(NO-TrBIB)90725602
=700  12$aLem, Stanisław$tDatamaskinen som sloss mot dragen$0(NO-TrBIB)90060376
=700  12$aPaz, Octavio$d1914-1998$tMitt liv med bølgen$0(NO-TrBIB)90128563
=700  12$aShaw, Bob$tLys fra andre dager$0(NO-TrBIB)9069015
=700  12$aSheckley, Robert$tI skuddet$0(NO-TrBIB)90222749
=700  12$aSmith, Cordwainer$d1913-1966$tEt spill om rotte og drage$0(NO-TrBIB)8046668
=700  12$aTucker, Bob$tTuristtrafikk$0(NO-TrBIB)10061879
=700  12$aVogt, A. E. van$tForhekset landsby$0(NO-TrBIB)10062162
=710  2\$aExil design$0(NO-TrBIB)15025773
=856  41$3Fulltekst$uhttps://www.nb.no/search?q=oaiid:"oai:nb.bibsys.no:999219328124702202"&mediatype=bøker$yNettbiblioteket$zSøke-URL
=856  42$3Beskrivelse fra Forlagssentralen$uhttp://content.bibsys.no/content/?type=descr_forlagssentr&isbn=8205209332

