=LDR  00523cam a22001937c 4500
=001  999301170424702201
=003  BIBSYS
=005  20150206120624.0
=007  ta
=008  150206s1966\\\\xx#|||||||||||000|u|und|d
=035  \\$a(NO-TrBIB)930117042
=035  \\$a930117042-47bibsys_network
=040  \\$aNO-TrBIB$bnob$ekatreg
=100  1\$aBallard, J.G.$d1930-2009$0(NO-TrBIB)90199005$1http://viaf.org/viaf/9842556$4http://rdaregistry.info/Elements/w/object/P10061
=245  14$aThe crystal world
=260  \\$aLondon$bJonathan Cape$c1966
=300  \\$a221 s.

