=LDR  01060cam a2200265 c 4500
=001  999320199354702201
=003  BIBSYS
=005  20150206120624.0
=007  ta
=008  150206s1993\\\\xx#|||||||||||000|u|eng|d
=020  \\$a0586089926
=035  \\$a(NO-TrBIB)932019935
=035  \\$a932019935-47bibsys_network
=040  \\$aNO-TrBIB$bnob$ekatreg
=100  1\$aBallard, J.G.$d1930-2009$0(NO-TrBIB)90199005$1http://viaf.org/viaf/9842556$4http://rdaregistry.info/Elements/w/object/P10061
=245  14$aThe atrocity exhibition$cJ.G. Ballard ; with author's annotations ; preface by William S. Burroughs
=250  \\$aRev., expanded, annotated ed.
=260  \\$aLondon$bFlamingo$c1993
=300  \\$aviii, 135 s.
=653  \\$askjønnlitteratur
=856  42$3Forlagets beskrivelse (kort)$uhttps://contents.bibsys.no/content/9780586089927?type=DESCRIPTION_SHORT
=856  42$3Miniatyrbilde$uhttps://contents.bibsys.no/content/images/small/7/2/9780586089927.jpg$qimage/jpeg
=856  42$3Omslagsbilde$uhttps://contents.bibsys.no/content/images/large/7/2/9780586089927.jpg$qimage/jpeg

