=LDR  00560cam a2200205 c 4500
=001  999320201274702201
=003  BIBSYS
=005  20150206120624.0
=007  ta
=008  150206s1983\\\\xx#|||||||||||000|u|eng|d
=020  \\$a0460022571
=035  \\$a(NO-TrBIB)932020127
=035  \\$a932020127-47bibsys_network
=040  \\$aNO-TrBIB$bnob$ekatreg
=100  1\$aBallard, J.G.$d1930-2009$0(NO-TrBIB)90199005$1http://viaf.org/viaf/9842556$4http://rdaregistry.info/Elements/w/object/P10061
=245  14$aThe drowned world$cJ. G. Ballard
=260  \\$aLondon$bDent$c1983
=300  \\$a175 s.

