=LDR  00791cam a2200229 c 4500
=001  999320201864702201
=003  BIBSYS
=005  20150206120624.0
=007  ta
=008  150206s1981\\\\xx#|||||||||||000|u|eng|d
=020  \\$a0224019147
=035  \\$a(NO-TrBIB)932020186
=035  \\$a932020186-47bibsys_network
=040  \\$aNO-TrBIB$bnob$ekatreg
=100  1\$aBallard, J.G.$d1930-2009$0(NO-TrBIB)90199005$1http://viaf.org/viaf/9842556$4http://rdaregistry.info/Elements/w/object/P10061
=245  10$aHello America$cJ. G. Ballard
=260  \\$aLondon$bCape$c1981
=300  \\$a224 s.
=856  42$3Forlagets beskrivelse (kort)$uhttps://contents.bibsys.no/content/9780224019149?type=DESCRIPTION_SHORT
=856  42$3Forlagets beskrivelse (lang)$uhttps://contents.bibsys.no/content/9780224019149?type=DESCRIPTION_LONG

