=LDR  00925cam a2200253 c 4500
=001  999320202594702201
=003  BIBSYS
=005  20210605100720.0
=007  ta
=008  150206s1993\\\\xx#|||||||||||000|u|eng|d
=020  \\$a0586044566
=035  \\$a(NO-TrBIB)932020259
=035  \\$a932020259-47bibsys_network
=040  \\$aNO-TrBIB$bnob$ekatreg
=100  1\$aBallard, J.G.$d1930-2009$0(NO-TrBIB)90199005$1http://viaf.org/viaf/9842556$4http://rdaregistry.info/Elements/w/object/P10061
=240  10$aHigh-rise$1http://viaf.org/viaf/308016990
=245  10$aHigh-rise$cJ. G. Ballard
=260  \\$aLondon$bFlamingo$c1993
=300  \\$a173 s.
=653  \\$asci-fi$ahøyhus
=856  42$3Beskrivelse fra forlaget (kort)$uhttp://content.bibsys.no/content/?type=descr_publ_brief&isbn=0586044566
=856  42$3Forlagets beskrivelse (kort)$uhttps://contents.bibs.aws.unit.no/content/?isbn=9780586044568
=856  42$3Forlagets beskrivelse (lang)$uhttps://contents.bibs.aws.unit.no/content/?isbn=9780586044568

