=LDR  00876cam a2200241 c 4500
=001  999320290514702201
=003  BIBSYS
=005  20150206120624.0
=007  ta
=008  150206s1988\\\\xx#|||||||||||000|u|eng|d
=020  \\$a0091734983
=035  \\$a(NO-TrBIB)932029051
=035  \\$a932029051-47bibsys_network
=040  \\$aNO-TrBIB$bnob$ekatreg
=100  1\$aBallard, J.G.$d1930-2009$0(NO-TrBIB)90199005$1http://viaf.org/viaf/9842556$4http://rdaregistry.info/Elements/w/object/P10061
=240  10$aRunning Wild$1http://viaf.org/viaf/481153289950332770009
=245  10$aRunning wild$cJ. G. Ballard ; with illustrations by Janet Woolley
=260  \\$aLondon$bHutchinson$c1988
=300  \\$a72 s.$bill.
=490  0\$aA Hutchinson novella
=856  42$3Forlagets beskrivelse (kort)$uhttps://contents.bibsys.no/content/9780091734985?type=DESCRIPTION_SHORT
=856  42$3Forlagets beskrivelse (lang)$uhttps://contents.bibsys.no/content/9780091734985?type=DESCRIPTION_LONG

