=LDR  01028cam a2200253 c 4500
=001  999320291674702201
=003  BIBSYS
=005  20210601180932.0
=007  ta
=008  150206s1992\\\\xx#|||||||||||000|u|eng|d
=020  \\$a0586089950
=035  \\$a(NO-TrBIB)932029167
=035  \\$a932029167-47bibsys_network
=040  \\$aNO-TrBIB$bnob$ekatreg
=100  1\$aBallard, J.G.$d1930-2009$0(NO-TrBIB)90199005$1http://viaf.org/viaf/9842556$4http://rdaregistry.info/Elements/w/object/P10061
=245  14$aThe unlimited dream company$cJ. G. Ballard
=260  \\$aLondon$bFlamingo$c1992
=300  \\$a220 s.
=856  42$3Beskrivelse fra forlaget (kort)$uhttp://content.bibsys.no/content/?type=descr_publ_brief&isbn=0586089950
=856  42$3Forlagets beskrivelse (kort)$uhttps://contents.bibs.aws.unit.no/content/?isbn=9780586089958
=856  42$3Forlagets beskrivelse (lang)$uhttps://contents.bibs.aws.unit.no/content/?isbn=9780586089958
=856  42$3Omslagsbilde$uhttps://contents.bibs.aws.unit.no/files/images/large/8/5/9780586089958.jpg$qimage/jpeg

