=LDR  00719cam a2200229 c 4500
=001  999320295584702201
=003  BIBSYS
=005  20150206120624.0
=007  ta
=008  150206s1992\\\\xx#|||||||||||000|u|eng|d
=020  \\$a1857990056
=035  \\$a(NO-TrBIB)932029558
=035  \\$a932029558-47bibsys_network
=040  \\$aNO-TrBIB$bnob$ekatreg
=100  1\$aBallard, J.G.$d1930-2009$0(NO-TrBIB)90199005$1http://viaf.org/viaf/9842556$4http://rdaregistry.info/Elements/w/object/P10061
=245  10$aVermilion Sands$cJ. G. Ballard
=260  \\$aLondon$bOrion Books$c1992
=300  \\$a208 s.
=490  0\$aA Phoenix paperback
=856  42$3Forlagets beskrivelse (kort)$uhttps://contents.bibsys.no/content/9781857990058?type=DESCRIPTION_SHORT

