=LDR  00567cam a2200205 c 4500
=001  999323101844702201
=003  BIBSYS
=005  20150206120624.0
=007  ta
=008  150206s1992\\\\xx#|||||||||||000|u|eng|d
=020  \\$a0586092250
=035  \\$a(NO-TrBIB)932310184
=035  \\$a932310184-47bibsys_network
=040  \\$aNO-TrBIB$bnob$ekatreg
=100  1\$aBallard, J.G.$d1930-2009$0(NO-TrBIB)90199005$1http://viaf.org/viaf/9842556$4http://rdaregistry.info/Elements/w/object/P10061
=240  10$aConcrete Island$1http://viaf.org/viaf/174604532
=240  10$aConcrete Island$1http://viaf.org/viaf/174604532
=245  10$aConcrete island$cJ. G. Ballard
=260  \\$aLondon$bTriad Grafton$c1992
=300  \\$a126 s.

