=LDR  00686cam a2200217 c 4500
=001  999324360994702201
=003  BIBSYS
=005  20150206120624.0
=007  ta
=008  150206s1985\\\\xx#|||||||||||000|u|eng|d
=020  \\$a0575035145
=035  \\$a(NO-TrBIB)932436099
=035  \\$a932436099-47bibsys_network
=040  \\$aNO-TrBIB$bnob$ekatreg
=100  1\$aBallard, J.G.$d1930-2009$0(NO-TrBIB)90199005$1http://viaf.org/viaf/9842556$4http://rdaregistry.info/Elements/w/object/P10061
=245  14$aThe terminal beach$cby J. G. Ballard
=260  \\$aLondon$bGollancz$c1985
=300  \\$a220 s.
=856  42$3Forlagets beskrivelse (kort)$uhttps://contents.bibsys.no/content/9780575035140?type=DESCRIPTION_SHORT

