=LDR  00870cam a2200253 c 4500
=001  999400563564702201
=003  BIBSYS
=005  20150206120624.0
=007  ta
=008  150206s1992\\\\xx#|||||||||||000|u|eng|d
=020  \\$a1857990005
=035  \\$a(NO-TrBIB)940056356
=035  \\$a940056356-47bibsys_network
=040  \\$aNO-TrBIB$bnob$ekatreg
=100  1\$aBallard, J.G.$d1930-2009$0(NO-TrBIB)90199005$1http://viaf.org/viaf/9842556$4http://rdaregistry.info/Elements/w/object/P10061
=245  14$aThe voices of time$cJ. G. Ballard
=260  \\$aLondon$bPhoenix$c1992
=300  \\$a197 s.
=490  0\$aA Phoenix paperback
=500  \\$aFørste gang utg. 1963 av Victor Gollanz Ltd. med tittel: The four-dimensional nightmare
=740  4\$aThe four-dimensional nightmare
=856  42$3Forlagets beskrivelse (kort)$uhttps://contents.bibsys.no/content/9781857990003?type=DESCRIPTION_SHORT

