=LDR  00548cam a22002057c 4500
=001  999425210994702201
=003  BIBSYS
=005  20150206120624.0
=007  ta
=008  150206s1985\\\\xx#|||||||||||000|f|eng|d
=020  \\$a0586064303$qh.
=035  \\$a(NO-TrBIB)942521099
=035  \\$a942521099-47bibsys_network
=040  \\$aNO-TrBIB$bnob$ekatreg
=100  1\$aBallard, J.G.$d1930-2009$0(NO-TrBIB)90199005$1http://viaf.org/viaf/9842556$4http://rdaregistry.info/Elements/w/object/P10061
=240  10$aEmpire of the sun$1http://viaf.org/viaf/180997771
=245  10$aEmpire of the sun
=260  \\$aLondon$bGrafton$c1985
=300  \\$a351 s.

