=LDR  00530cam a22001931c 4500
=001  999503467134702201
=003  BIBSYS
=005  20150206120624.0
=007  ta
=008  150206s1966\\\\xx#|||||||||||000|u|eng|d
=035  \\$a(NO-TrBIB)950346713
=035  \\$a950346713-47bibsys_network
=040  \\$aNO-TrBIB$bnob$ekatreg
=100  1\$aBallard, J.G.$d1930-2009$0(NO-TrBIB)90199005$1http://viaf.org/viaf/9842556$4http://rdaregistry.info/Elements/w/object/P10061
=245  14$aThe drowned world$cJames Graham Ballard
=260  \\$aLondon$c1966
=300  \\$a175 s.

