=LDR  01225cam a2200301 c 4500
=001  999728665404702201
=003  BIBSYS
=005  20210601181552.0
=007  ta
=008  150206s1996\\\\xx#|||||||||||000|u|eng|d
=020  \\$a0006550649
=035  \\$a(NO-TrBIB)97286654x
=035  \\$a97286654x-47bibsys_network
=040  \\$aNO-TrBIB$bnob$ekatreg
=080  \\$a820
=100  1\$aBallard, J.G.$d1930-2009$0(NO-TrBIB)90199005$1http://viaf.org/viaf/9842556$4http://rdaregistry.info/Elements/w/object/P10061
=245  10$aCocaine nights$cJ.G. Ballard
=260  \\$aLondon$bFlamingo$c1996
=300  \\$a328 s.
=650  \0$aBritish$xFiction$zSpain
=650  \0$aRetirees$xFiction$zSpain
=856  42$3Beskrivelse fra forlaget (kort)$uhttp://content.bibsys.no/content/?type=descr_publ_brief&isbn=0006550649
=856  42$3Forlagets beskrivelse (kort)$uhttps://contents.bibs.aws.unit.no/content/?isbn=9780006550648
=856  42$3Forlagets beskrivelse (lang)$uhttps://contents.bibs.aws.unit.no/content/?isbn=9780006550648
=856  42$3Omslagsbilde$uhttp://innhold.bibsys.no/bilde/forside/?size=mini&id=0006550649.JPG$qimage/jpeg
=856  42$3Omslagsbilde$uhttps://contents.bibs.aws.unit.no/files/images/large/8/4/9780006550648.jpg$qimage/jpeg

