=LDR  01173cam a2200289 c 4500
=001  999900977904702201
=003  BIBSYS
=005  20170124093634.0
=007  ta
=008  150206s1998\\\\xx#|||||||||||000|u|eng|d
=020  \\$a0746308671
=035  \\$a(NO-TrBIB)99009779x
=035  \\$a99009779x-47bibsys_network
=040  \\$aNO-TrBIB$bnob$ekatreg
=100  1\$aDelville, Michel$0(NO-TrBIB)99065061
=245  10$aJ.G. Ballard$cMichel Delville
=260  \\$aPlymouth$bNorthcote House$c1998
=300  \\$aX, 102 s.$bport.
=490  1\$aWriters and their work
=600  17$aBallard, J.G.$d1930-2009$0(NO-TrBIB)90199005$2bare
=830  \0$aWriters and their work
=856  42$3Forlagets beskrivelse (kort)$uhttps://contents.bibsys.no/content/9780746308677?type=DESCRIPTION_SHORT
=856  42$3Forlagets beskrivelse (lang)$uhttps://contents.bibsys.no/content/9780746308677?type=DESCRIPTION_LONG
=856  42$3Miniatyrbilde$uhttps://contents.bibsys.no/content/images/small/7/7/9780746308677.jpg$qimage/jpeg
=856  42$3Omslagsbilde$uhttps://contents.bibsys.no/content/images/large/7/7/9780746308677.jpg$qimage/jpeg

