=LDR  05727nam a22009011c 4500
=001  999919912665102201
=003  BIBSYS
=005  20200115203623.0
=006  m\\\\\\\\d\\\\\\\\
=007  cr\cn|||||||||
=008  140929s2008\\\\enk\\\\\ob\\\\001\0\eng\d
=015  \\$aGBA8A5764$2bnb
=016  7\$z014708430$2Uk
=020  \\$a1-282-87540-X
=020  \\$a1-4411-6362-X
=020  \\$a1-4725-4251-7
=020  \\$a9786612875403
=024  7\$a10.5040/9781472542519$2doi
=035  \\$a(Au-PeEL)EBL601635
=035  \\$a(CaONFJC)MIL287540
=035  \\$a(CaPaEBR)ebr10427227
=035  \\$a(CKB)2670000000056568
=035  \\$a(EBL)601635
=035  \\$a(EXLCZ)992670000000056568
=035  \\$a(MiAaPQ)EBC601635
=035  \\$a(OCoLC)676697040
=035  \\$a(OCoLC)893335048
=035  \\$a(PQKB)11386887
=035  \\$a(PQKBManifestationID)12121507
=035  \\$a(PQKBTitleCode)TC0000421251
=035  \\$a(PQKBWorkID)10412524
=035  \\$a(SSID)ssj0000421251
=035  \\$a(UtOrBLW)bpp09255839
=040  \\$aUtOrBLW$beng$cUtOrBLW$dUkLoBP$erda$epn
=041  \\$aeng
=050  00$aPR6052.A46$bZ693 2008
=082  04$a823.914$222
=245  00$aJ.G. Ballard $cedited by Jeannette Baxter.
=264  \1$aLondon $aNew York $bContinuum $c2008.
=300  \\$a1 online resource (170 p.)
=336  \\$atext$btxt
=337  \\$acomputer$bc
=338  \\$aonline resource$bcr
=490  1\$aContemporary critical perspectives
=500  \\$aDescription based upon print version of record.
=504  \\$aIncludes bibliographical references (pages [129]-147) and index
=505  0\$aGeneral Editors' Foreword -- Acknowledgements -- Contributors -- Chronology or a Version of J. G. Ballard's Life -- Foreword by Toby Litt -- Introduction: J. G. Ballard and the Contemporary, Jeannette Baxter (Anglia Ruskin University, Cambridge) -- 1. The Geometry of the Space Age: J. G. Ballard's short fiction and science fiction of the 1960s, Brian Baker (Lancaster University) -- 2. Disquieting Features: An Introductory Tour to The Atrocity Exhibition, Jake Huntley (University of East Anglia) -- 3. The Gothic, the Body, and the Failed Homeopathy Argument: Reading Crash, Victor Sage (University of East Anglia) -- 4. Death at Work: The Cinematic Imagination of J. G. Ballard, Corin Depper (Kingston University) -- 5. Mind is the Battlefield: Reading Ballard's 'Life Trilogy' as War Literature, Umberto Rossi (Rome) -- 6. From Shanghai to Shepperton: Crises of Representation in J. G. Ballard's Londons, Sebastian Groes (Liverpool Hope University) -- 7. Visions of Europe in Cocaine Nights and Super-Cannes, Jeannette Baxter (Anglia Ruskin University, Cambridge) -- 8. The Possibilities of Sacrifice, the Certainties of Trauma: J. G. Ballard's Postmillenial Fiction, Philip Tew (Brunel University) -- Afterword by Toby Litt -- Interview with J.G. Ballard by Jeannette Baxter -- Further Reading -- Index 
=520  8\$aJ.G. Ballard is one of the most significant British writers of the contemporary period. His award-winning novels are widely studied and read, yet the appeal of Ballard's idiosyncratic, and often controversial, imagination is such that his work also enjoys something of a cult status with the reading public. The hugely successful cinematic adaptations of Empire of the Sun (Spielberg, 1987) and Crash (Cronenberg, 1996) further confirm Ballard's unique place within the literary, cultural and popular imaginations. This guide includes new critical perspectives on Ballard's major novels as well as his short stories and journalistic writing covering issues of form, narrative and experimentation. Whilst offering fresh readings of dominant and recurring themes in Ballard's writing, including history, sexuality, violence, consumer capitalism, and urban space,the contributors also explore Ballard's contribution to major contemporary debates including those surrounding post 9/11 politics, terrorism, neo-imperialism, science, morality and ethics. 
=530  \\$aAlso issued in print
=533  \\$aElectronic reproduction.$bLondon :$cBloomsbury Publishing,$d2014.$nAvailable via World Wide Web.$nAccess limited by licensing agreement
=546  \\$aEnglish
=600  10$aBallard, J. G.,$d1930-2009$xCriticism and interpretation.
=650  \7$2Literary studies: from c 1900 -
=700  1\$aBaxter, Jeannette,$eeditor.
=776  \\$z0-8264-9725-X
=776  \\$z0-8264-9726-8
=830  \0$aContinuum contemporary critical perspectives series.

