=LDR  01855nam a22004695c 4500
=001  999920142384302201
=003  BIBSYS
=005  20180226123540.0
=007  ta
=008  160802s2016\\\\xxu\\\\|\|||||00||0\eng|c
=020  \\$qh.
=040  \\$aNO-TrBIB$bnob$ekatreg
=100  1\$aMerril, Judith$0(NO-TrBIB)8036947
=245  10$aSF12$bNew dimentions in science fiction, fantasy, and imaginative writing$cEdited by Judith Merril
=260  \\$aNew York$bDell Publishing$c1969
=700  1\$aAldiss, Brian$0(NO-TrBIB)10050019
=700  1\$aAllen, Dick
=700  1\$aBailey, Hilary$0(NO-TrBIB)90062716
=700  1\$aBallard, J.G.$d1930-2009$0(NO-TrBIB)90199005
=700  1\$aBarthelme, Donald$d1931-1989$0(NO-TrBIB)90102337
=700  1\$aBurroughs, William James$0(NO-TrBIB)90527228
=700  1\$aCalisher, Hortense$0(NO-TrBIB)90069983
=700  1\$aDelany, Samuel R.$d1942-$0(NO-TrBIB)90697672
=700  1\$aDisch, Thomas$0(NO-TrBIB)13013676
=700  1\$aDorman, Sonya$0(NO-TrBIB)13020582
=700  1\$aEmshwiller, Carol$d1921-$0(NO-TrBIB)13020578
=700  1\$aGrass, Günter$d1927-2015$0(NO-TrBIB)90061209
=700  1\$aHarness, Charles L.$0(NO-TrBIB)90952721
=700  1\$aJacobs, Harvey$0(NO-TrBIB)13013763
=700  1\$aKupferberg, Tuli$0(NO-TrBIB)7053956
=700  1\$aLafferty, R.A.
=700  1\$aLandolfi, Tommaso$0(NO-TrBIB)90128530
=700  1\$aLeiber, Fritz$d1910-1992$0(NO-TrBIB)90705550
=700  1\$aMacBeth, George$0(NO-TrBIB)90119481
=700  1\$aMacLean, Katherine$0(NO-TrBIB)12070900
=700  1\$aMichaux, Henri$d1899-1984$0(NO-TrBIB)90097681
=700  1\$aReed, Kit$0(NO-TrBIB)12047194
=700  1\$aShaw, Bob$0(NO-TrBIB)9069015
=700  1\$aTate, Peter$0(NO-TrBIB)90853436
=700  1\$aThomas, Gilbert
=700  1\$aUpdike, John$d1932-2009$0(NO-TrBIB)90058949

