=LDR  01030nam a22002655c 4500
=001  999920204114402201
=003  BIBSYS
=005  20180226123920.0
=007  ta
=008  161228s1968\\\\xxu\\\\|\|||||00||0\eng|c
=040  \\$aNO-TrBIB$bnob$ekatreg
=100  1\$aPohl, Frederik$d1919-2013$0(NO-TrBIB)90058471
=245  10$aFrederik Pohl's The second if reader of science fiction$cIntroduction by Frederik Pohl
=260  \\$aNew York$bAce Books$c1968
=700  1\$aAldiss, Brian$0(NO-TrBIB)10050019
=700  1\$aAsimov, Isaac$d1920-1992$0(NO-TrBIB)90104376
=700  1\$aBallard, J.G.$d1930-2009$0(NO-TrBIB)90199005
=700  1\$aBudrys, Algis$d1931-$0(NO-TrBIB)12064560
=700  1\$aClement, Hal$0(NO-TrBIB)8046659
=700  1\$aKyle, David A.$0(NO-TrBIB)15015118
=700  1\$aLaumer, Keith$d1925-1993$0(NO-TrBIB)12049256
=700  1\$aNiven, Larry$d1938-$0(NO-TrBIB)90950466
=700  1\$aPohl, Frederik$d1919-2013$0(NO-TrBIB)90058471
=700  1\$aSaberhagen, Fred$0(NO-TrBIB)12050925

