=LDR  02988nam a22006851c 4500
=001  999920342614102201
=003  BIBSYS
=005  20210606072929.0
=006  m\\\\\\\\d\\\\\\\\
=007  cr\cnu||||||||
=008  140929s2011\\\\enk\\\\\ob\\\\001\0\eng\d
=020  \\$a1-4411-4171-5
=020  \\$a1-4725-4285-1
=024  7\$a10.5040/9781472542854$2doi
=035  \\$a(CKB)3230000000213924
=035  \\$a(EXLCZ)993230000000213924
=035  \\$a(MiAaPQ)EBC1748418
=035  \\$a(OCoLC)855692710
=035  \\$a(PQKB)11345573
=035  \\$a(PQKBManifestationID)11643303
=035  \\$a(PQKBTitleCode)TC0001110224
=035  \\$a(PQKBWorkID)11118287
=035  \\$a(SSID)ssj0001110224
=035  \\$a(UtOrBLW)bpp09255872
=040  \\$aUtOrBLW$beng$cUtOrBLW$dUkLoBP$erda$epn
=041  \\$aeng
=050  00$aPR6052.A46$bZ64 2011
=082  00$a823.914$222
=100  1\$aFrancis, Samuel T.,$eauthor.
=245  14$aThe Psychological Fictions of J.G. Ballard $cSamuel Francis.
=264  \1$aLondon $aNew York $bContinuum $c2011.
=300  \\$a1 online resource (209 pages).
=336  \\$atext$btxt
=337  \\$acomputer$bc
=338  \\$aonline resource$bcr
=490  1\$aContinuum Literary Studies Series
=500  \\$aBibliographic Level Mode of Issuance: Monograph
=504  \\$aIncludes bibliographical references and index
=505  0\$aA host of furious fancies -- Unconscious catastrophes -- Insane modernities -- Trauma, psychoanalysis, autobiography -- Contemporary psychopathies
=505  0\$aAcknowledgements -- Introduction -- 1. A Host of Furious Fancies -- 2. Unconscious Catastrophes -- 3. Insane Modernities -- 4.Trauma, Psychoanalysis, Autobiography -- 5. Contemporary Psychopathies -- Conclusion -- Notes -- Bibliography -- Index 
=530  \\$aAlso issued in print
=533  \\$aElectronic reproduction.$bLondon :$cBloomsbury Publishing,$d2014.$nAvailable via World Wide Web.$nAccess limited by licensing agreement
=546  \\$aEnglish
=600  10$aBallard, J. G.,$d1930-2009$xCriticism and interpretation.
=650  \0$aPsychology in literature.
=650  \7$2Literary studies: fiction, novelists & prose writers
=776  \\$z1-4411-6195-3
=776  \\$z1-4725-1303-7
=830  \0$aContinuum literary studies.

