=LDR  05084nam  2200757 i 4500
=001  999920378139302201
=003  BIBSYS
=005  20201008230348.0
=006  m\\\\\o\\d\|\\\\\\
=007  cr#cnu||||||||
=008  170831t20162016ne\a\\\\ob\\\\001\0\eng\d
=020  \\$a90-04-31386-9
=024  7\$a10.1163/9789004313866$2DOI
=035  \\$a(CKB)3710000000749633
=035  \\$a(EXLCZ)993710000000749633
=035  \\$a(MiAaPQ)EBC4750790
=035  \\$a(nllekb)BRILL9789004313866
=035  \\$a(OCoLC)952942802
=040  \\$aMiAaPQ$beng$erda$epn$cMiAaPQ$dMiAaPQ
=050  \4$aPR6052.A46$b.J4 2016
=072  \7$aDSK$2bicssc
=072  \7$aLIT000000$2bisacsh
=082  0\$a823/.914$223
=245  00$aJ.G. Ballard :$blandscapes of tomorrow /$cedited by Richard Brown, Christopher Duffy, Elizabeth Stainforth.
=264  \1$aLeiden, [The Netherlands] ;$aBoston, [Massachusetts] :$bBrill Rodopi,$c2016.
=264  \4$c©2016
=300  \\$a1 online resource (170 pages) :$billustrations.
=336  \\$atext$btxt$2rdacontent
=337  \\$acomputer$bc$2rdamedia
=338  \\$aonline resource$bcr$2rdacarrier
=490  1\$aDialogue,$x1574-9630 ;$vVolume 22
=504  \\$aIncludes bibliographical references and index.
=505  00$tPreliminary Material /$rRichard Brown , Christopher Duffy and Elizabeth Stainforth --$tIntroduction /$rRichard Brown , Christopher Duffy and Elizabeth Stainforth --$tShanghai/Shepperton /$rFay Ballard --$tJ.G. Ballard and the Drowned World of Shanghai /$rGraham Matthews --$tAeolian Harps in the Desert: Romanticism and Vermilion Sands /$rThomas Knowles --$tZones of Non-time: Residues of Iconic Events in Ballard's Fiction /$rCatherine McKenna --$tSpeeding to the Doldrums: Stalled Futures and the Disappearance of Tomorrow in "The Dead Astronaut" /$rAndrew Warstat --$tJarry, Joyce and the Apocalyptic Intertextuality of The Atrocity Exhibition /$rRichard Brown --$tGeometries of the Imagination: The Map-Territory Relation in The Atrocity Exhibition /$rGuglielmo Poli --$t"The Logic of the Visible at the Service of the Invisible": Reading Invisible Literature in The Atrocity Exhibition /$rElizabeth Stainforth --$tHidden Heterotopias in Crash /$rChristopher Duffy --$tPillars of the Community: The Tripartite Characterization of High-Rise /$rWilliam Fingleton --$tFascisms and the Politics of Nowhere in Kingdom Come /$rJeannette Baxter --$tIndex /$rRichard Brown , Christopher Duffy and Elizabeth Stainforth.
=520  \\$aAn innovative volume of interdisciplinary essays on the significant British writer J. G. Ballard (1930-2009), exploring the physical, cultural and intertextual landscapes in several key novels with a central focus on The Atrocity Exhibition (1970), one of the most challenging texts in contemporary literature. Contributors include established critics of Ballard alongside newcomers. Different spatial concepts underpin the essays, from the landscapes of Ballard's youth in Shanghai and his life in suburban London, to nuclear testing spaces and outer space exploration. Figurative locations typical of Ballard's work are explored, including the beach, the motorway, the high-rise and the shopping mall. Textual spaces are explored through Ballard's affiliation with modernist literary forms, including surrealist prose writing and collage, and poetic romanticism.
=588  \\$aDescription based on print version record.
=600  10$aBallard, J. G.,$d1930-2009$xCriticism and interpretation.
=655  \4$aElectronic books.
=700  1\$aBrown, Richard,$d1954-$eeditor.
=700  1\$aDuffy, Christopher,$d1977-$eeditor.
=700  1\$aStainforth, Elizabeth,$d1986-$eeditor.
=776  \\$z90-04-31385-0
=830  \0$aDialogue (Brill Rodopi (Firm)) ;$vv. 22.

