=LDR  00594nam a22001695c 4500
=001  999920609860402201
=003  BIBSYS
=005  20210602233313.0
=007  ta
=008  180822s1963\\\\xxk\\\\|\|||||00||0\eng|c
=020  \\$a0140022295$qh
=040  \\$aNO-TrBIB$bnob$ekatreg
=100  1\$aBallard, J.G.$d1930-2009$0(NO-TrBIB)90199005$1http://viaf.org/viaf/9842556$4http://rdaregistry.info/Elements/w/object/P10061
=245  10$aThe drowned world /$cJ.G.Ballard
=260  \\$aHarmondsworth$bPenguin Books Ltd.$c1963 (reprint 1968, 1974, 1976)
=856  42$3Forlagets beskrivelse (kort)$uhttps://contents.bibs.aws.unit.no/content/?isbn=9780140022292

