=LDR  00791nam a2200205   4500
=001  999920667419902201
=003  BIBSYS
=005  20211017041915.0
=007  ta||||||||||||||||||||
=008  100216\\\\\\\\\\\\\\\\a\\\\\\\\\\10eng\2
=020  \\$a9780586044568$qh.
=035  \\$a(WOACT)0000019184
=100  1\$aBallard, J.G.$d1930-2009$geng.$qJames Graham$1http://viaf.org/viaf/9842556$4http://rdaregistry.info/Elements/w/object/P10061
=240  10$aHigh-rise$1http://viaf.org/viaf/308016990
=245  10$aHigh-rise$cJ.G. Ballard
=260  \\$aLondon$bFourth Estate$c2014
=300  \\$axiv, 253 s.
=856  42$3Forlagets beskrivelse (kort)$uhttps://contents.bibs.aws.unit.no/content/?isbn=9780586044568
=856  42$3Forlagets beskrivelse (lang)$uhttps://contents.bibs.aws.unit.no/content/?isbn=9780586044568

