=LDR  01088nam a22002895c 4500
=001  999920843280402201
=003  BIBSYS
=005  20191215064140.0
=007  ta
=008  190424s1979\\\\xxk\\\\|\|||||00||0\eng|c
=020  \\$a0330258729$qh.
=040  \\$aNO-TrBIB$bnob$ekatreg
=245  10$aStars of Albion /$cEdited by Robert Holdstock & Christopher Priest
=260  \\$aLondon$bPan Books$c1979
=700  1\$aAldiss, Brian W.$d1925-$0(NO-TrBIB)90056060
=700  1\$aBallard, J.G.$d1930-2009$0(NO-TrBIB)90199005
=700  1\$aBayley, Barrington J.$0(NO-TrBIB)12069567
=700  1\$aBrunner, John$d1934-1995$0(NO-TrBIB)90763497
=700  1\$aGarnett, David S.$0(NO-TrBIB)13023439
=700  1\$aHoldstock, Robert$0(NO-TrBIB)13011258
=700  1\$aMasson, David I.$0(NO-TrBIB)2019380
=700  1\$aPriest, Christopher$d1943-$0(NO-TrBIB)90107012
=700  1\$aRoberts, Keith$d1935-2000$0(NO-TrBIB)6015507
=700  1\$aSaxton, Josephine$0(NO-TrBIB)13001132
=700  1\$aShaw, Bob$0(NO-TrBIB)9069015
=700  1\$aWatson, Ian$0(NO-TrBIB)12030022

