=LDR  01069nam a22002655c 4500
=001  999920902257202201
=003  BIBSYS
=005  20191215074949.0
=007  ta
=008  190830s1966\\\\xxk\\\\|\|||||00||0\eng|c
=040  \\$aNO-TrBIB$bnob$ekatreg
=245  10$aSpectrum 3 :$bA third anthology of science fiction /$cSelected and edited by Kingsley Amis and Robert Conquest
=260  \\$aLondon$bPan Books$c1966
=490  0\$aSpectrum$v3
=700  1\$aAmis, Kingsley$d1922-1995$0(NO-TrBIB)90096252
=700  1\$aAnderson, Poul$d1926-2001$0(NO-TrBIB)90135259
=700  1\$aBallard, J.G.$d1930-2009$0(NO-TrBIB)90199005
=700  1\$aBester, Alfred$d1913-1987$0(NO-TrBIB)90083185
=700  1\$aClarke, Arthur C.$d1917-2008$q(Arthur Charles)$0(NO-TrBIB)90725602
=700  1\$aConquest, Robert$d1917-2015$0(NO-TrBIB)90092680
=700  1\$aLeinster, Murray$0(NO-TrBIB)12071884
=700  1\$aPhillips, Peter$0(NO-TrBIB)8030292
=700  1\$aRose, Mark$0(NO-TrBIB)90231592
=700  1\$aSturgeon, Theodore$d1918-1985$0(NO-TrBIB)90967876

