=LDR  00774cam a22002538a 4500
=001  999921219286502201
=003  BIBSYS
=005  20210603053139.0
=007  ta
=008  910703s1991\\\\xxk\\\\||\\\\|00|\j|eng|c
=015  \\$aGB9191482$2bnb
=019  1\$a0586090630
=020  \\$a0586090630$qh.
=040  \\$aBook Data$dUk$dNO-TrBIB$bnob$erda
=082  04$a823$212A
=100  1\$aBallard, J.G.$d1930-2009$0(NO-TrBIB)90199005$1http://viaf.org/viaf/9842556$4http://rdaregistry.info/Elements/w/object/P10061
=245  10$aWar fever /$cJ. G. Ballard
=260  \\$aLondon$bPaladin$c1991
=300  \\$a1 v.
=336  \\$atext$2rdacontent
=337  \\$aunmediated$2rdamedia
=338  \\$avolume$2rdacarrier
=856  42$3Omslagsbilde$uhttps://contents.bibs.aws.unit.no/files/images/large/3/3/9780586090633.jpg$qimage/jpeg

