=LDR  01077cam a2200301 c 4500
=001  999921637677602201
=003  BIBSYS
=005  20220105134803.0
=007  ta
=008  111212r20121976xxu\\\\\\\\\\|00|\1\eng|c
=010  \\$a  2011050939
=020  \\$a9780871404015$qheftet
=040  \\$aDLC$cDLC$dDLC$dNO-TrBIB$bnob$erda
=042  \\$apcc
=050  00$aPR6052.A46$bD7 2012
=082  00$a823/.914$223
=100  1\$aBallard, J.G.$d1930-2009$0(NO-TrBIB)90199005$4aut$1http://viaf.org/viaf/9842556$4http://rdaregistry.info/Elements/w/object/P10061
=240  14$aThe drought$f2012
=245  14$aThe drought$cJ.G. Ballard
=264  \1$aNew York$aLondon$bLiveright Publishing Corporation$c2012
=300  \\$a238 sider$c21 cm
=336  \\$atekst$0http://rdaregistry.info/termList/RDAContentType/1020$2rdaco
=337  \\$auformidlet$0http://rdaregistry.info/termList/RDAMediaType/1007$2rdamt
=338  \\$abind$0http://rdaregistry.info/termList/RDACarrierType/1049$2rdact
=650  \0$aDisasters$vFiction
=655  \0$aScience fiction
=700  1\$aBallard, J.G.$d1930-2009$tThe drought$f2012$0(NO-TrBIB)90199005

