=LDR  01280aam a2200421 a 4500
=001  019250094
=003  Uk
=005  20190219140009.0
=006  m\\\\||\\d\|\\\\\\
=007  cr\|||||||||||
=008  120710r20141994enk\\\\\o\\\\\000\1\eng\\
=015  \\$aGBB931898$2bnb
=020  \\$a0007384890$q(electronic bk.)
=020  \\$a9780007384891$q(electronic bk.)
=020  \\$z9780006548140$qpaperback
=037  \\$auk.co.harpercollins.058455$bIngram Content Group
=040  \\$aUk$beng$cUk
=042  \\$aukblsr
=072  \7$aFF$2bicssc
=072  \7$aFIC$x019000$2bisacsh
=072  \7$aFIC$x030000$2bisacsh
=082  04$a823.914$222
=100  1\$aBallard, J. G.$1http://viaf.org/viaf/9842556$4http://rdaregistry.info/Elements/w/object/P10061
=245  10$aRushing to paradise /$cJ.G. Ballard.
=264  \1$aLondon :$bFourth Estate,$c2014.
=264  \4$c©1994
=300  \\$a1 online resource.
=336  \\$atext$2rdacontent
=337  \\$acomputer$2rdamedia
=338  \\$aonline resource$2rdacarrier
=500  \\$aOriginally published in print: Great Britain : Flamingo, 1994.
=650  \0$aEcology$vFiction.
=650  \7$aEcology.$2fast$0(OCoLC)fst00901476
=655  \4$aElectronic books.
=655  \7$aFiction.$2fast$0(OCoLC)fst01423787

