=LDR  04153aam a2200601 i 4500
=001  018677669
=003  Uk
=005  20180831094119.0
=008  980619s1969\\\\nyua\\\\\\\\\\000\0\eng\d
=035  \\$a(OCoLC)1008541491
=040  \\$aAVA$beng$cAVA$dAVA$dUk$erda
=042  \\$aukblsr
=245  00$aAspen 7 :$bBritish box in 15 sections ; (Spring-Summer [1969]) /$c[compiled and edited by Mario Amaya].
=260  \\$aNew York, New York :$bRoaring Fork Press,$c[1969]
=300  \\$a1 box, 12 pieces :$billustrations ;$c30 x 30 cm
=336  \\$atext$btxt$2rdacontent
=337  \\$aunmediated$bn$2rdamedia
=338  \\$avolume$bnc$2rdacarrier
=500  \\$a"Aspen is published quarterly by Roaring Fork Press ... Phyllis Johnson, editor and publisher--Inside box cover.
=500  \\$a"Compiled and edited by Mario Amaya ; designed by John Cosh ; cover by Richard Smith"--Inside box cover.
=500  \\$aArtist's periodical consisting of a box (numbered "Section 1, Aspen no. 7") and containing various other parts numbered 2-14.
=500  \\$aExhibited in "Aspen Magazine 1965-1971", Whitechapel Art Gallery, 11 Sept 2012 - 3 March 2013.
=500  \\$aSubtitle: "British Box in 15 sections".
=505  0\$aDetails of contents (taken from supplier's list) : Section 1 : Box (unconstructed), with cover by Richard Smith and printed contents list inside cover -- Section 2 : "British Knickers" / Ossie Clark (fashion pattern from 'Quorum' magazine) -- Section 3 : "Aspen" magazine subscription form -- Section 4 : "The Gay Atomic colouring book" / Eduardo Paolozzi -- Section 5 : Book containing six pieces : "The London decade" / Mario Amaya ; "London subcultures" / Michael Instone ; "Communicators" / Christopher Finch ; "New names in British cinema" / David Robinson ; "British poetry now" / J. G. Ballard -- Sections 6 : "Souvenir number 1" / Peter Blake -- Section 7 : "An artist's endorsement. Souvenir no. 7" / Peter Blake -- Section 8 : "The Lennon Diary 196" (facsimile) / John Lennon -- Section 9 : Transcripts of the Flexi-disc recordings (sections 10 and 11) / Yoko Ono -- Section 10 : Flexi-disc containing two pieces : "New numbers" / Christopher Logue ; "Three songs for Surrealists" / John Tavener -- Section 11 : Flexi-disc containing two pieces : "Radio Play" / John Lennon ; "Song for John : Let's go on flying all the time, Mum's only looking for her hand in the snow" / Yoko Ono -- Section 12 : "Europa and her Bull" / John Furnival (folded poster print) -- Section 13 : "Wave / Rock" / Ian Hamilton Findlay (folded sheet) -- Section 14 : "Notes on Rumpelstiltskin" / David Hockney (single sheet) -- Section 15 : Advertisements folder.
=600  10$aLennon, John,$d1940-1980.
=600  10$aLogue, Christopher,$d1926-2011.
=600  10$aOno, Yōko.
=600  10$aPaolozzi, Eduardo,$d1924-2005.
=650  \0$aArtists' book$vperiodical$zU.S.A.$y1969.
=650  \0$aArts, English$y20th century.
=650  \0$aConceptual art.
=650  \0$aConcrete art.
=700  1\$aAmaya, Mario,$eeditor.
=700  1\$aBallard, J. G.$q(James Graham),$d1930-2009,$econtributor.
=700  1\$aBlake, Peter,$d1932-$econtributor.
=700  1\$aClark, Ossie,$d1942-1996,$econtributor.
=700  1\$aFinch, Christopher,$econtributor.
=700  1\$aFinlay, Ian Hamilton,$d1925-2006,$econtributor.
=700  1\$aFurnival, John,$d1933-$econtributor.
=700  1\$aHockney, David,$d1937-$econtributor.
=700  1\$aInstone, Michael,$econtributor.
=700  1\$aKosh, John,$edesigner.
=700  1\$aLennon, John,$d1940-1980,$econtributor.
=700  1\$aLogue, Christopher,$d1926-2011,$econtributor.
=700  1\$aLucie-Smith, Edward,$econtributor.
=700  1\$aOno, Yōko,$econtributor.
=700  1\$aPaolozzi, Eduardo,$d1924-2005,$econtributor.
=700  1\$aRobinson, David,$d1936 Dec. 9-$econtributor.
=700  1\$aSmith, Richard,$d1931-2016,$eillustrator,$ebook designer.
=700  1\$aTavener, John,$d1944-2013,$econtributor.
=710  2\$aRoaring Fork Press,$epublisher.
=856  4\$3Full text and media available on Ubu Web:$uhttp://www.ubu.com/aspen/aspen7/

