=LDR  01005aam a22003371i 4500
=001  018511696
=003  Uk
=005  20190208203740.0
=006  m\\\\||\\d\|\\\\\\
=007  cr\|||||||||||
=008  170911s2010\\\\xxk||||go\\\\||||\||eng\\
=015  \\$aGBB7H3224$2bnb
=020  \\$a1446420043$qEPUB
=020  \\$a9781446420041$qEPUB
=037  \\$aTheRandomHouseGroup173620$bIngram Content Group
=040  \\$aUk$beng$cUk
=042  \\$aukblsr
=082  04$a823.914$221
=100  1\$aBallard, J. G.,$d1930-2009.$1http://viaf.org/viaf/9842556$4http://rdaregistry.info/Elements/w/object/P10061
=245  10$aVermilion Sands /$cJ.G. Ballard.
=264  \1$aLondon :$bVintage Digital,$c2010.
=300  \\$a1 online resource (208 pages).
=336  \\$atext$2rdacontent
=337  \\$acomputer$2rdamedia
=338  \\$aonline resource$2rdacarrier
=650  \0$aFiction.
=650  \7$aFICTION / Short Stories (single author)$2bisacsh
=650  \7$aFiction.$2fast$0(OCoLC)fst00923709

