=LDR  01302aam a2200349 i 4500
=001  017969260
=003  Uk
=005  20170706212005.0
=008  160628s2016\\\\ne\a\\\\\b\\\\001\0\eng\\
=010  \\$a2016022436  
=015  \\$aGBB6B0529$2bnb
=016  7\$a017969260$2Uk
=020  \\$a9789004313859 (cased) :$cNo price
=040  \\$aStDuBDS$beng$cStDuBDS$dUk$erda
=042  \\$aukblsr
=050  00$aPR6052.A46$bZ697 2016
=082  00$a823.914$223
=245  00$aJ. G. Ballard :$blandscapes of tomorrow /$cedited by Richard Brown, Christopher Duffy, Elizabeth Stainforth.
=264  \1$aLeiden ;$aBoston :$bBrill,$c[2016].
=300  \\$ax, 160 pages :$bcolor illustrations ;$c25 cm.
=336  \\$atext$btxt$2rdacontent
=337  \\$aunmediated$bn$2rdamedia
=338  \\$avolume$bnc$2rdacarrier
=490  0\$aDialogue ;$v22
=500  \\$aFormerly CIP.$5Uk
=504  \\$aIncludes bibliographical references and index.
=600  10$aBallard, J. G.,$d1930-2009$xCriticism and interpretation.
=700  1\$aBrown, Richard,$d1954-$eeditor.
=700  1\$aDuffy, Christopher,$d1977-$eeditor.
=700  1\$aStainforth, Elizabeth,$d1986-$eeditor.
=776  08$iOnline version:$tJ. G. Ballard$w(DLC) 2016030903$dLeiden ; Boston : Brill, [2016]$z9789004313866

