=LDR  00932nam a22002777i 4500
=001  017427738
=003  Uk
=005  20150702013112.0
=006  m\\\\\\\\d\\\\\\\\
=007  cr\|||||||||||
=008  150702s2011\\\\xxk\\\\\obm\\\000\0\eng\\
=040  \\$aUk$beng$cUk$dUk$erda
=082  04$a813$223
=100  1\$aPaknadel, Alexis,$eauthor.
=245  10$aAnywhere but here :$bThe Competing (and complementary) postmodern nostalgias of J. G Ballard and Douglas Coupland.
=264  \1$a[Great Britain] :$bLancaster University,$c2011.
=300  \\$a1 online resource
=336  \\$atext$2rdacontent
=337  \\$acomputer$2rdamedia
=338  \\$aonline resource$2rdacarrier
=502  \\$aThesis (Ph.D.)--Lancaster University, 2011.
=504  \\$aIncludes bibliographical references.
=710  2\$aUniversity of Lancaster,$edegree granting institution.

