=LDR  00887nam a22002533  4500
=001  016768214
=003  UK
=005  20190614184613.0
=007  cr\mn\024mpada
=008  871103|1834|||||||\\\\|s\\\\\|||\||fre\\
=019  x\$a0173840094
=040  \\$aUk$cUk
=100  1\$aBALLARD, J. G.,$cDocteur en Médecine.
=245  10$aEssai sur les eaux thermales de Barèges. [With a bibliography and a map.]
=264  \1$aParis,$c1834.
=300  \\$axvi, 311 pages ;$c(8º)
=336  \\$atext$2rdacontent
=337  \\$acomputer$2rdamedia
=338  \\$aonline$2rdacarrier
=340  \\$m8vo$2rdabf
=856  41$uhttp://books.google.com/books?vid=BL:A0018110618$yGoogle_Books

