=LDR  01127cam a2200313 i 4500
=001  016659427
=003  Uk
=005  20140407134314.0
=008  901221r19911990nyu\\\\\\\\\\|0|1\1|eng\\
=010  \\$a   90027919 
=020  \\$a0374286450 (hardcover)
=040  \\$aDLC$beng$cDLC$dDLC$dUk$erda
=042  \\$aukblsr
=050  00$aPR6052.A46$bW37 1991
=082  04$a823.914$223
=100  1\$aBallard, J. G.,$d1930-2009,$eauthor.$1http://viaf.org/viaf/9842556$4http://rdaregistry.info/Elements/w/object/P10061
=240  10$aShort stories.$kSelections
=245  10$aWar fever /$cJ.G. Ballard.
=250  \\$aFirst American edition.
=264  \1$aNew York :$bFarrar, Straus, Giroux,$c1991.
=300  \\$a175 pages ;$c24 cm
=336  \\$atext$2rdacontent
=337  \\$aunmediated$2rdamedia
=338  \\$avolume$2rdacarrier
=500  \\$aIncludes index.
=500  \\$aOriginally published: Great Britain : William Collins Sons & Company Limited. 1990.
=856  42$3Contributor biographical information$uhttp://www.loc.gov/catdir/enhancements/fy0667/90027919-b.html
=856  42$3Publisher description$uhttp://www.loc.gov/catdir/enhancements/fy0667/90027919-d.html

