=LDR  01381cam a2200397 i 4500
=001  016659424
=003  Uk
=005  20140407134450.0
=008  050621r20051984nyu\\\\\\\\\\|0|0\1|eng\d
=010  \\$a  2005278651
=015  \\$aGBB436825$2bnb
=020  \\$a0743265238 (paperback)
=035  \\$a(OCoLC)ocm58432359
=040  \\$aTEF$beng$cTEF$dOCL$dBAKER$dDLC$dUk$erda
=042  \\$aukblsr
=043  \\$aa-cc-sm
=050  00$aPR6052.A46$bE45 2005
=082  04$a823.914$223
=100  1\$aBallard, J. G.,$d1930-2009,$eauthor.$1http://viaf.org/viaf/9842556$4http://rdaregistry.info/Elements/w/object/P10061
=245  10$aEmpire of the Sun :$ba novel /$cJ.G. Ballard.
=250  \\$aFirst Simon & Schuster paperbacks edition.
=264  \1$aNew York :$bSimon & Schuster Paperbacks,$c2005.
=264  \4$c©1984
=300  \\$a279 pages ;$c22 cm
=336  \\$atext$2rdacontent
=337  \\$aunmediated$2rdamedia
=338  \\$avolume$2rdacarrier
=500  \\$aOriginally published: 1984.
=650  \0$aBoys$vFiction.
=650  \0$aWorld War, 1939-1945$zChina$zShanghai$vFiction.
=651  \0$aShanghai (China)$vFiction.
=655  \7$aBildungsromans.$2gsafd
=655  \7$aWar stories.$2gsafd
=856  42$3Contributor biographical information$uhttp://www.loc.gov/catdir/enhancements/fy0909/2005278651-b.html
=856  42$3Publisher description$uhttp://www.loc.gov/catdir/enhancements/fy0668/2005278651-d.html

