=LDR  00987cam a2200325 i 4500
=001  016659420
=003  Uk
=005  20140407133947.0
=008  840530s1984\\\\nyu\\\\\\\\\\|0|0\1|eng\\
=010  \\$a   84010630 
=020  \\$a0671530518
=020  \\$z0671530534
=040  \\$aDLC$beng$cDLC$dDLC$dUk$erda
=042  \\$aukblsr
=050  00$aPR6052.A46$bE45 1984
=082  00$a823/.914$219
=100  1\$aBallard, J. G.,$d1930-2009,$eauthor.$1http://viaf.org/viaf/9842556$4http://rdaregistry.info/Elements/w/object/P10061
=245  10$aEmpire of the Sun :$ba novel /$cJ.G. Ballard.
=264  \1$aNew York :$bSimon and Schuster,$c[1984]
=300  \\$a279 pages ;$c25 cm
=336  \\$atext$2rdacontent
=337  \\$aunmediated$2rdamedia
=338  \\$avolume$2rdacarrier
=500  \\$aSequel: The kindness of women.
=650  \0$aBoys$xFiction.
=650  \0$aWorld War, 1939-1945$zChina$zShanghai$xFiction.
=651  \0$aShanghai (China)$xFiction.
=655  \7$aBildungsromans.$2gsafd
=655  \7$aWar stories.$2gsafd

