=LDR  01307nam a2200349 i 4500
=001  016659405
=003  Uk
=005  20140407133442.0
=008  000329r19941973nyu\\\\\\\\\\|0|0\1|eng\d
=020  \\$a0374524130 (paperback)
=020  \\$a9780374524135 (paperback)
=035  \\$a(OCoLC)697637871
=040  \\$aTXDCK$beng$cTXDCK$dOCLCQ$dUk$erda
=042  \\$aukblsr
=050  14$aPZ4.B1893$bCo3$aPR6052.A46
=082  04$a823/.914$221
=100  1\$aBallard, J. G.,$d1930-2009,$eauthor.$1http://viaf.org/viaf/9842556$4http://rdaregistry.info/Elements/w/object/P10061
=240  10$aConcrete Island$1http://viaf.org/viaf/174604532
=240  10$aConcrete Island$1http://viaf.org/viaf/174604532
=245  10$aConcrete island /$cJ.G. Ballard.
=264  \1$aNew York :$bThe Noonday Press,$c1994.
=264  \4$c©1973
=300  \\$a175 pages ;$c21 cm
=336  \\$atext$2rdacontent
=337  \\$aunmediated$2rdamedia
=338  \\$avolume$2rdacarrier
=500  \\$aOriginally published: Farrar, Straus and Giroux. 1974.
=520  \\$aWhen Robert Maitland's car crashes over a concrete parapet onto the island below, he finds himself trapped in a bizarre world that seems to mirror his own mind.
=521  2\$aAdult.
=650  \0$aSurvival after airplane accidents, shipwrecks, etc.$vFiction.
=650  \0$aTraffic accidents$vFiction.
=650  \7$aSurvival after airplane accidents, shipwrecks, etc.$vFiction.$2sears
=650  \7$aTraffic accidents$vFiction.$2sears

