=LDR  01261cam a2200313 i 4500
=001  016659370
=003  Uk
=005  20140407133620.0
=008  880418s1988\\\\wiua\\\\\\\\\|0|0\1|eng\\
=010  \\$a88015075
=020  \\$a0870541579 (alk. paper)
=040  \\$aDLC$beng$cDLC$dDLC$dUk$erda
=042  \\$aukblsr
=050  00$aPR6052.A46$bM46 1988
=082  00$a823/.914$219
=100  1\$aBallard, J. G.,$d1930-2009,$eauthor.$1http://viaf.org/viaf/9842556$4http://rdaregistry.info/Elements/w/object/P10061
=240  10$aShort stories.$kSelections
=245  10$aMemories of the space age /$cJ.G. Ballard ; artwork by Jeffrey K. Potter.
=250  \\$aFirst edition.
=264  \1$aSauk City, Wisconson :$bArkham House Publishers, Inc.,$c[1988]
=300  \\$a216 pages :$billustrations (black and white) ;$c21 cm
=336  \\$atext$2rdacontent
=337  \\$aunmediated$2rdamedia
=338  \\$avolume$2rdacarrier
=500  \\$aEight stories originally published between 1962 and 1985.
=505  0\$aThe cage of sand -- A question of re-entry -- The dead astronaut -- My dream of flying to Wake Island -- News from the sun -- Memories of the space age -- Myths of the near future -- The man who walked on the moon.
=650  \0$aScience fiction, English.
=700  1\$aPotter, J. K.,$eillustrator.

