=LDR  01299cam a2200385 i 4500
=001  016659368
=003  Uk
=005  20140407134623.0
=008  950112s1995\\\\nyu\\\\\\\\\\|0|0\1|eng\\
=010  \\$a   95005217 $z   96000065 
=020  \\$a031213164X (hardback)
=020  \\$a0312134150 (paperback)
=040  \\$aDLC$beng$cDLC$dDLC$dUk$erda
=042  \\$aukblsr
=050  00$aPR6052.A46$bR82 1995
=082  00$a823/.914$220
=100  1\$aBallard, J. G.,$d1930-2009,$eauthor.$1http://viaf.org/viaf/9842556$4http://rdaregistry.info/Elements/w/object/P10061
=245  10$aRushing to paradise /$cJ.G. Ballard.
=250  \\$a1st Picador USA edition.
=264  \1$aNew York :$bPicador USA,$cMay 1995.
=264  \4$c©1994
=300  \\$a238 pages ;$c22 cm
=336  \\$atext$2rdacontent
=337  \\$aunmediated$2rdamedia
=338  \\$avolume$2rdacarrier
=650  \0$aFeminists$xFiction.
=650  \0$aUtopias$xFiction.
=650  \0$aWomen environmentalists$xFiction.
=651  \0$aIslands of the Pacific$xFiction.
=655  \7$aPolitical fiction.$2lcsh
=655  \7$aSatire.$2lcsh
=655  \7$aUtopian fiction.$2gsafd
=856  42$3Contributor biographical information$uhttp://www.loc.gov/catdir/bios/hol054/95005217.html
=856  42$3Publisher description$uhttp://www.loc.gov/catdir/description/hol042/95005217.html

