=LDR  01073pam a2200313 a 4500
=001  016086021
=003  Uk
=005  20130613113440.0
=008  120503s2012\\\\enk\\\\\\b\\\\001\0\eng\d
=015  \\$aGBB246800$2bnb
=016  7\$a016086021$2Uk
=020  \\$a0007454856 (hbk.) :$c£25.00
=020  \\$a9780007454853 (hbk.) :$c£25.00
=040  \\$aStDuBDS$beng$cStDuBDS$dUk
=042  \\$aukblcatcopy
=082  04$a823.914$223
=100  1\$aBallard, J. G.,$d1930-2009.$1http://viaf.org/viaf/9842556$4http://rdaregistry.info/Elements/w/object/P10059
=245  10$aExtreme metaphors :$bselected interviews with J.G. Ballard, 1967-2008 /$cby J.G. Ballard ; edited by Simon Sellars and Dan O'Hara.
=260  \\$aLondon :$bFourth Estate,$c2012.
=300  \\$axxiii, 503 p. ;$c24 cm.
=336  \\$atext$2rdacontent
=337  \\$aunmediated$2rdamedia
=338  \\$avolume$2rdacarrier
=500  \\$aFormerly CIP.$5Uk
=504  \\$aIncludes bibliographical references and index.
=600  10$aBallard, J. G.,$d1930-2009$vInterviews.
=700  1\$aO'Hara, Daniel Finbarr John,$d1972-
=700  1\$aSellars, Simon.

