=LDR  01023nam a2200301 a 4500
=001  015118840
=003  Uk
=005  20120514183026.0
=008  081114s2008\\\\fr\a\\\\\\\\\\000\0|fre\d
=020  \\$a2915453470 (pbk.)
=020  \\$a9782915453478 (pbk.)
=035  \\$a(OCoLC)275939627
=040  \\$aTZT$beng$cTZT$dUk
=042  \\$aukblsr
=072  \7$aPR$2lcco
=082  04$a823.914$223
=245  00$aJ.G. Ballard :$bhautes altitudes /$csous la direction de Jérôme Schmidt & Émilie Notéris ; avec J.G. Ballard ... [et al.].
=260  \\$aAlfortville :$bÈre,$c[2008]
=300  \\$a216 p. :$bill. ;$c19 cm.
=336  \\$atext$2rdacontent
=337  \\$aunmediated$2rdamedia
=338  \\$avolume$2rdacarrier
=600  10$aBallard, J. G.,$d1930-2009$xCriticism and interpretation.
=653  \\$aBritish Science Fiction Literature$a20th Century$aCritical Essays
=700  1\$aBallard, J. G.,$d1930-2009.
=700  1\$aNotéris, Émilie.
=700  1\$aSchmidt, Jérôme.

