=LDR  00993pam a2200313 a 4500
=001  014632892
=003  Uk
=005  20090221115123.0
=008  080416r20081973enk\\\\\\\\\\\000\f\eng\d
=015  \\$aGBA872850$2bnb
=016  7\$a014632892$2Uk
=020  \\$a000728702X (pbk.) :$c£7.99
=020  \\$a9780007287024 (pbk.) :$c£7.99
=040  \\$aStDuBDS$beng$cStDuBDS$dUk
=042  \\$aukblsr
=082  04$a823.914$222
=100  1\$aBallard, J. G.,$d1930-2009.$1http://viaf.org/viaf/9842556$4http://rdaregistry.info/Elements/w/object/P10061
=240  10$aCrash$1http://viaf.org/viaf/305922109
=245  10$aCrash /$cJ.G. Ballard.
=260  \\$aLondon :$bHarper Perennial,$c2008.
=300  \\$a185, 30 p. ;$c20 cm.
=336  \\$atext$2rdacontent
=337  \\$aunmediated$2rdamedia
=338  \\$avolume$2rdacarrier
=500  \\$aFormerly CIP.$5Uk
=500  \\$aOriginally published: London: Jonathan Cape, 1973.
=650  \0$aTraffic accident victims$xPsychology$vFiction.
=650  \0$aTraffic accident victims$xSexual behavior$vFiction.
=650  \0$aTraffic accidents$vFiction.

