=LDR  00804nam a2200277 a 4500
=001  014624400
=003  Uk
=005  20080616115544.0
=008  080522s2008\\\\enk\\\\\\\\\\\000\1\eng\\
=015  \\$aGBA877101$2bnb
=016  7\$a014624400$2Uk
=020  \\$a9780586089965 (pbk.) :$c£7.99
=040  \\$aUk$beng$cUk
=042  \\$aukblsr
=082  04$a823.92$222
=100  1\$aBallard, J. G.,$d1930-2009.$1http://viaf.org/viaf/9842556$4http://rdaregistry.info/Elements/w/object/P10061
=245  14$aThe drought /$cJ. G. Ballard.
=260  \\$aLondon :$bHarperPerennial,$c2008.
=300  \\$a232, 12 p. ;$c21 cm.
=336  \\$atext$2rdacontent
=337  \\$aunmediated$2rdamedia
=338  \\$avolume$2rdacarrier
=500  \\$aIncludes 12 p. notes section.
=500  \\$aOriginally published : Jonathan Cape, 1965.
=655  \0$aFantasy fiction.

