=LDR  01041aam a2200325 a 4500
=001  014100194
=003  Uk
=005  20080918221939.0
=008  071009s2008\\\\enka\\\\\\\\\\000\0aeng\\
=010  \\$a  2008399727
=015  \\$aGBA783546$2bnb
=016  7\$a014100194$2Uk
=020  \\$a0007270720 (hbk.) :$c£14.99
=020  \\$a9780007270729 (hbk.) :$c£14.99
=040  \\$aStDuBDS$beng$cStDuBDS$dUk
=042  \\$aukblsr
=050  00$aPR6052.A46$bZ46 2008
=082  00$a823.914$222
=100  1\$aBallard, J. G.,$d1930-2009.$1http://viaf.org/viaf/9842556$4http://rdaregistry.info/Elements/w/object/P10061
=245  10$aMiracles of life :$bShanghai to Shepperton : an autobiography /$cJ.G. Ballard.
=260  \\$aLondon :$bFourth Estate,$c2008.
=300  \\$aviii, 278 p. :$bill. ;$c23 cm.
=336  \\$atext$2rdacontent
=337  \\$aunmediated$2rdamedia
=338  \\$avolume$2rdacarrier
=500  \\$aFormerly CIP.$5Uk
=600  10$aBallard, J. G.,$d1930-2009.
=650  \0$aNovelists, English$y20th century$vBiography.
=650  \0$aWorld War, 1939-1945$xInfluence.

