=LDR  00972pam a2200313 a 4500
=001  013688749
=003  Uk
=005  20071119085733.0
=008  070216r20072006enk\\\\\\\\\\\000\f\eng\d
=015  \\$aGBA718213$2bnb
=016  7\$a013688749$2Uk
=020  \\$a0007232470 (pbk.) :$c£7.99
=020  \\$a9780007232475 (pbk.) :$c£7.99
=040  \\$aStDuBDS$beng$cStDuBDS$dUk
=042  \\$aukblcatcopy
=082  04$a823.914$222
=100  1\$aBallard, J. G.,$d1930-2009.$1http://viaf.org/viaf/9842556$4http://rdaregistry.info/Elements/w/object/P10061
=240  10$aKingdom Come$1http://viaf.org/viaf/3952163159958701640003
=245  10$aKingdom come /$cJ.G. Ballard.
=260  \\$aLondon :$bHarper Perennial,$c2007.
=300  \\$a280 p. ;$c20 cm.
=336  \\$atext$2rdacontent
=337  \\$aunmediated$2rdamedia
=338  \\$avolume$2rdacarrier
=500  \\$aFormerly CIP.$5Uk
=500  \\$aOriginally published: London: Fourth Estate, 2006.
=650  \0$aConsumption (Economics)$xSocial aspects$zEngland$vFiction.
=655  \7$aDystopias.$2gsafd

