=LDR  00880nam a22002772a 4500
=001  013682259
=003  Uk
=005  20070227091053.0
=006  m\\\\|\\\d\|\\\\\\
=007  cr||||||||||||
=008  070227s2006\\\\enk\\\\\sm\\\\000\0\eng\\
=040  \\$aUk$beng$cUk
=082  04$a823.914$222
=100  1\$aFrancis, Samuel William.
=245  12$aA critical reading of "inner space" in selected works of J. G. Ballard /$cBy Samuel William Francis.$h[electronic resource].
=260  \\$aLeeds :$bUniversity of Leeds,$c2006.
=300  \\$a1 v. ;$c31 cm.
=336  \\$atext$2rdacontent
=337  \\$acomputer$2rdamedia
=338  \\$aonline resource$2rdacarrier
=502  \\$aThesis (Ph.D.)--University of Leeds, 2006
=538  \\$aMode of access: World Wide Web.
=710  2\$aUniversity of Leeds.

