=LDR  00855nam a2200289 a 4500
=001  013618261
=003  Uk
=005  20080624092810.0
=008  061205s2006\\\\enk\\\\\\\\\\\000\1\eng\\
=015  \\$aGBA879907$2bnb
=016  7\$a013618261$2Uk
=020  \\$a0007116861 (pbk.) :$c£7.99
=020  \\$a9780007116867 (pbk.) :$c£7.99
=040  \\$aUk$beng$cUk
=042  \\$aukblsr
=082  04$a823.914$222
=100  1\$aBallard, J. G.,$d1930-2009.$1http://viaf.org/viaf/9842556$4http://rdaregistry.info/Elements/w/object/P10061
=245  14$aThe atrocity exhibition /$cJ.G. Ballard.
=250  \\$a[Expanded and annotated ed.].
=260  \\$aLondon :$bHarper Perennial,$c2006.
=300  \\$aviii, 184, 22 p. ;$c20 cm.
=336  \\$atext$2rdacontent
=337  \\$aunmediated$2rdamedia
=338  \\$avolume$2rdacarrier
=650  \0$aPhysicians$vFiction.
=655  07$aExperimental fiction.$2lcsh

