=LDR  01077pam a2200325 a 4500
=001  013489936
=003  Uk
=005  20070115144505.0
=008  060606s2006\\\\enk\\\\\\\\\\\000\1\eng\\
=015  \\$aGBA653868$2bnb
=016  7\$a013489936$2Uk
=020  \\$a0007242298 (v. 1 : pbk.) :$c£10.99
=020  \\$a0007245769 (v. 2 : pbk.) :$c£10.99
=020  \\$a9780007242290 (v. 1 : pbk.) :$c£10.99
=020  \\$a9780007245765 (v. 2 : pbk.) :$c£10.99
=040  \\$aStDuBDS$beng$cStDuBDS$dUk
=042  \\$aukblsr
=082  04$a823.914$222
=100  1\$aBallard, J. G.,$d1930-2009.$1http://viaf.org/viaf/9842556$4http://rdaregistry.info/Elements/w/object/P10061
=240  10$aShort stories (Ibadan, Nigeria)
=245  14$aThe complete short stories /$cJ.G. Ballard.
=260  \\$aLondon :$bHarper Perennial,$c2006.
=300  \\$a2 v. ;$c20 cm.
=336  \\$atext$2rdacontent
=337  \\$aunmediated$2rdamedia
=338  \\$avolume$2rdacarrier
=500  \\$aFormerly CIP.$5Uk
=500  \\$aOriginally published in 1 vol.: London : Flamingo, 2001.

