=LDR  00947pam a2200313 a 4500
=001  013454390
=003  Uk
=005  20061207155257.0
=008  060317r20061987enk\\\\\\\\\\\000\1\eng\\
=015  \\$aGBA642031$2bnb
=016  7\$a013454390$2Uk
=020  \\$a0007227892 (pbk.) :$c£7.99
=020  \\$a9780007227891 (pbk.) :$c£7.99
=040  \\$aStDuBDS$beng$cStDuBDS$dUk
=042  \\$aukblsr
=082  04$a823.914$222
=100  1\$aBallard, J. G.,$d1930-2009.$1http://viaf.org/viaf/9842556$4http://rdaregistry.info/Elements/w/object/P10061
=245  14$aThe day of creation /$cJ.G. Ballard.
=260  \\$aLondon :$bHarper Perennial,$c2006.
=300  \\$a287 p. ;$c20 cm.
=336  \\$atext$2rdacontent
=337  \\$aunmediated$2rdamedia
=338  \\$avolume$2rdacarrier
=500  \\$aFormerly CIP.$5Uk
=500  \\$aOriginally published: London: Gollancz, 1987.
=650  \0$aPhysicians$zAfrica$vFiction.
=651  \0$aAfrica, Central$vFiction.

