=LDR  00892pam a2200301 a 4500
=001  013332133
=003  Uk
=005  20070514142358.0
=008  050824r20061962enk\\\\\\\\\\\000\1\eng\\
=015  \\$aGBA594641$2bnb
=016  7\$a013332133$2Uk
=020  \\$a0007221835 (pbk.) :$c£7.99
=020  \\$a9780007221837 (pbk.) :$c£7.99
=035  \\$a(IeDuTC)IeDuTCb14130176
=040  \\$aStDuBDS$dIeDuTC$dUk
=042  \\$aukscp
=082  04$a823.914$222
=100  1\$aBallard, J. G.,$d1930-2009.$1http://viaf.org/viaf/9842556$4http://rdaregistry.info/Elements/w/object/P10061
=245  14$aThe drowned world /$cJ.G. Ballard.
=260  \\$aLondon :$bHarper Perennial,$c2006.
=300  \\$a175, 16 p. ;$c20 cm.
=336  \\$atext$2rdacontent
=337  \\$aunmediated$2rdamedia
=338  \\$avolume$2rdacarrier
=500  \\$aFormerly CIP.$5Uk
=500  \\$aOriginally published: London: Gollancz, 1962.
=655  \0$aFantasy fiction.

