=LDR  00924pam a2200289 a 4500
=001  013086489
=003  Uk
=005  20070315180742.0
=008  041221s2005\\\\caua\\\\\b\\\\001\0\eng\\
=015  \\$aGBA505294$2bnb
=016  7\$a013086489$2Uk
=020  \\$a1889307130 (pbk.) :$c£11.99
=040  \\$aStDuBDS$beng$cStDuBDS$dUk
=042  \\$aukblsr
=082  04$a828.91409$222
=100  1\$aBallard, J. G.,$d1930-2009.$1http://viaf.org/viaf/9842556$4http://rdaregistry.info/Elements/w/object/P10061
=245  10$aConversations /$cJ.G. Ballard ; with V. Vale ... [et al.] ; edited by V. Vale.
=260  \\$aSan Francisco, Calif. :$bRE/Search,$cc2005.
=300  \\$a358 p. :$bill. ;$c18 cm.
=336  \\$atext$2rdacontent
=337  \\$aunmediated$2rdamedia
=338  \\$avolume$2rdacarrier
=500  \\$aFormerly CIP.$5Uk
=504  \\$aIncludes bibliographical references and index.
=600  10$aBallard, J. G.,$d1930-2009$vInterviews.
=700  1\$aVale, V.

