=LDR  00932pam a22003011a 4500
=001  013086488
=003  Uk
=005  20070712115448.0
=008  041223s2004\\\\caua\\\e\\\\\\000\0\eng\\
=015  \\$aGBA505293$2bnb
=016  7\$a013086488$2Uk
=020  \\$a1889307122 (pbk.) :$c£15.99
=040  \\$aStDuBDS$beng$cStDuBDS$dUk
=042  \\$aukblderived
=082  04$a828.9'1402$222
=100  1\$aBallard, J. G.,$d1930-2009.$1http://viaf.org/viaf/9842556$4http://rdaregistry.info/Elements/w/object/P10061
=245  10$aQuotes /$cJ.G. Ballard ; editor, V. Vale ; photographs by Ana Barrado ... [et al.].
=260  \\$aSan Francisco, Calif. :$bRE/Search,$c2004.
=300  \\$a414 p. :$bill. ;$c18 cm.
=336  \\$atext$2rdacontent
=337  \\$aunmediated$2rdamedia
=338  \\$avolume$2rdacarrier
=500  \\$aFormerly CIP.$5Uk
=600  10$aBallard, J. G.,$d1930-2009$vQuotations.
=700  1\$aBarrado, Ana.
=700  1\$aVale, V.

