=LDR  00860nam a22002772a 4500
=001  013062641
=003  Uk
=005  20041214091703.0
=006  m\\\\|\\\d\|\\\\\\
=007  cr||||||||||||
=008  040609s2002\\\\enk\\\\\sm\\\\000\0\eng\\
=040  \\$aUk$beng$cUk
=082  04$a823.914$222
=100  1\$aMcNamara, Liam Thomas.
=245  14$aThe postmodern Jarry :$bJ. G. Ballard and 'the real' /$cLiam Thomas McNamara.$h[electronic resource].
=260  \\$aLondon :$bUniversity of London,$c2002.
=300  \\$a1 v. ;$c31 cm.
=336  \\$atext$2rdacontent
=337  \\$acomputer$2rdamedia
=338  \\$aonline resource$2rdacarrier
=502  \\$aThesis (Ph.D.)--University of London, 2003.
=538  \\$aMode of access: World Wide Web.
=710  2\$aUniversity of London.

