=LDR  00696 am a2200241 a 4500
=001  013056102
=003  Uk
=005  20041222141157.0
=008  041206s1982\\\\enk\\\\\\\\\\\000\0\eng\\
=015  \\$aGBA500039$2bnb
=040  \\$aUk$beng$cUk$dUk
=042  \\$aukblsr
=082  04$a823.914$222
=100  1\$aBallard, J. G.,$d1930-2009.$1http://viaf.org/viaf/9842556$4http://rdaregistry.info/Elements/w/object/P10061
=245  10$aNews from the sun /$cJ.G. Ballard.
=260  \\$aLondon :$bInterzone,$cc1982.
=300  \\$a[26] p. ;$c21 cm.
=336  \\$atext$2rdacontent
=337  \\$aunmediated$2rdamedia
=338  \\$avolume$2rdacarrier
=650  \0$aEnglish literature$x20th century.

