=LDR  01579cam a2200361 a 4500
=001  013035790
=003  Uk
=005  20050531081132.0
=008  040709s2004\\\\fr\a\\\\\bc\\\000\0dfre\d
=020  \\$a286847974X
=040  \\$aCGU$cCGU$dOCLCQ$dUk
=245  00$aDoubtiful, dans les plis du réel :$bGilles Barbier, François Curlet, Leandro Erlich, Carsten Höller, Didier Marcel, Aernout Mik, Amy O'Neil, Cerith Wyn Evans /$cJames Graham Ballard ... [et al.].
=260  \\$aRennes :$bPresses universitaires de Rennes,$c2004.
=300  \\$a144 p. :$bcol. ill. ;$c23 cm.
=336  \\$atext$2rdacontent
=337  \\$aunmediated$2rdamedia
=338  \\$avolume$2rdacarrier
=490  1\$aCollection Métiers de l'exposition
=500  \\$a"Publication éditée à l'occasion de l'exposition présentée à la galerie art et essai de l'université Rennes 2 du 19 mai au 26 juin 2004"--Prelim. p.
=504  \\$aIncludes bibliographical references.
=600  10$aBarbier, Gilles,$d1965-$vExhibitions.
=600  10$aCurlet, Franc̦ois,$d1967-$vExhibitions.
=600  10$aErlich, Leandro,$d1973-$vExhibitions.
=600  10$aEvans, Cerith Wyn,$d1958-$vExhibitions.
=600  10$aHöller, Carsten$vExhibitions.
=600  10$aMarcel, Didier,$d1961-$vExhibitions.
=600  10$aMik, Aernout$vExhibitions.
=600  10$aO'Neil, Amy,$d1971-$vExhibitions.
=650  \0$aArt, Modern$y21st century$vExhibitions.
=700  1\$aBallard, J. G.,$d1930-2009.
=710  2\$aGalerie Art & essai.
=830  \0$aCollection Métiers de l'exposition.

