=LDR  01110 am a2200325ui 4500
=001  012013536
=003  UK
=005  20160602012300.0
=008  790419s1979\\\\xxua\\\\|\\\\\000\|\eng\\
=010  \\$a79013065
=019  1\$a0893701386
=020  \\$a0893701386
=020  \\$a0893702382
=040  \\$aUk$cUk
=082  00$a823/.9/14
=100  1\$aPringle, David.
=245  10$aEarth is the alien planet :$bJ. G. Ballard's four-dimensional nightmare /$cby David Pringle.
=260  \\$aSan Bernardino, Calif. :$bBorgo Press,$c1979.
=300  \\$a63 p. :$bill. ;$c22 cm.
=336  \\$atext$2rdacontent
=337  \\$aunmediated$2rdamedia
=338  \\$avolume$2rdacarrier
=490  0\$aPopular writers of today ;$vv. 26
=490  0\$aThe Milford series
=540  \\$aBritish Library not licensed to copy$c0$5Uk
=600  10$aBallard, J. G.,$d1930-2009$xCriticism and interpretation.
=650  \0$aScience fiction, English$xHistory and criticism.
=653  \\$aFiction in English$aBallard, J$aG.$a1930-

