=LDR  00694 am a2200265ua 4500
=001  011818370
=003  UK
=005  20160601115100.0
=008  880706s1988\\\\enk\\\\||\\\\\000\h|eng\\
=015  \\$aGB8846166$2bnb
=019  1\$ab8846166
=019  9\$ab8846166
=019  y\$ab8846166
=020  \\$cNo price (pbk)
=039  0\$a1996
=040  \\$aUk$cUk
=082  04$a823/.914$219
=100  1\$aBallard, J. G.,$d1930-2009.$1http://viaf.org/viaf/9842556$4http://rdaregistry.info/Elements/w/object/P10061
=245  10$aWhy I want to fuck Ronald Reagan.
=260  \\$bPlashet,$c1988.
=300  \\$a[7]leaves.
=336  \\$atext$2rdacontent
=337  \\$aunmediated$2rdamedia
=338  \\$avolume$2rdacarrier
=653  \\$aFiction in English$a1945-

