=LDR  00679 am a22002657a 4500
=001  010708061
=003  UK
=005  20160601115100.0
=008  920522r19921991enk\\\\||\\\\\000\1|eng\\
=015  \\$aGB9225918$2bnb
=019  1\$a0586210997
=019  9\$a0586210997
=019  y\$ab9225918
=020  \\$a0586210997 (pbk) :$c£4.99
=039  0\$a2191
=040  \\$aUk$cUk
=082  04$a823.914$220
=100  1\$aBallard, J. G.,$d1930-2009.$1http://viaf.org/viaf/9842556$4http://rdaregistry.info/Elements/w/object/P10061
=245  14$aThe kindness of women.
=260  \\$bGrafton,$c1992.
=300  \\$a348p.
=336  \\$atext$2rdacontent
=337  \\$aunmediated$2rdamedia
=338  \\$avolume$2rdacarrier
=653  1\$aEnglish fiction

