=LDR  00677 am a22002658a 4500
=001  010707474
=003  UK
=005  20160601115100.0
=008  920304r19921974enk\\\\||\\\\\000\1|eng\\
=015  \\$aGB9214566$2bnb
=019  1\$a0586092250
=019  9\$a0586092250
=019  y\$ab9214566
=020  \\$a0586092250 (pbk) :$c£4.50
=039  0\$a2171
=040  \\$aUk$cUk
=082  04$a823.914$220
=100  1\$aBallard, J. G.,$d1930-2009.$1http://viaf.org/viaf/9842556$4http://rdaregistry.info/Elements/w/object/P10061
=240  10$aConcrete Island$1http://viaf.org/viaf/174604532
=240  10$aConcrete Island$1http://viaf.org/viaf/174604532
=245  10$aConcrete island.
=260  \\$bTriadGrafton,$c1985.
=300  \\$a126p.
=336  \\$atext$2rdacontent
=337  \\$aunmediated$2rdamedia
=338  \\$avolume$2rdacarrier
=653  1\$aEnglish fiction

