=LDR  00674 am a22002658a 4500
=001  010707383
=003  UK
=005  20160601115100.0
=008  920304r19921967enk\\\\||\\\\\000\1|eng\\
=015  \\$aGB9214596$2bnb
=019  1\$a0586090711
=019  9\$a0586090711
=019  y\$ab9214596
=020  \\$a0586090711 (pbk) :$c£4.99
=039  0\$a2171
=040  \\$aUk$cUk
=082  04$a823.914$220
=100  1\$aBallard, J. G.,$d1930-2009.$1http://viaf.org/viaf/9842556$4http://rdaregistry.info/Elements/w/object/P10061
=245  14$aThe disaster area.
=260  \\$bPaladin,$c1992.
=300  \\$a191p.
=336  \\$atext$2rdacontent
=337  \\$aunmediated$2rdamedia
=338  \\$avolume$2rdacarrier
=653  1\$aEnglish fiction

