=LDR  00669 am a22002657a 4500
=001  010707328
=003  UK
=005  20160601115100.0
=008  910822r19901965enk\\\\||\\\\\000\1|eng\\
=015  \\$aGB9150023$2bnb
=019  1\$a0586089969
=019  9\$a0586089969
=019  y\$ab9150023
=020  \\$a0586089969 (pbk) :$c£3.99
=039  0\$a2154
=040  \\$aUk$cUk
=082  04$a823.914$220
=100  1\$aBallard, J. G.,$d1930-2009.$1http://viaf.org/viaf/9842556$4http://rdaregistry.info/Elements/w/object/P10061
=245  14$aThe drought.
=260  \\$bPaladin,$c1990.
=300  \\$a188p.
=336  \\$atext$2rdacontent
=337  \\$aunmediated$2rdamedia
=338  \\$avolume$2rdacarrier
=653  1\$aEnglish fiction

