=LDR  00788 am a2200277ua 4500
=001  010705836
=003  UK
=005  20160601115100.0
=008  831031r19831981enk\\\\||\\\\\000\1|eng\\
=015  \\$aGB8340198$2bnb
=019  1\$a0586055711
=019  9\$a0586055711
=019  y\$ab8340198
=020  \\$a0586055711 (pbk) :$c£1.50
=039  0\$a1764
=040  \\$aUk$cUk
=082  04$a823/.914$219
=100  1\$aBallard, J. G.,$d1930-2009.$1http://viaf.org/viaf/9842556$4http://rdaregistry.info/Elements/w/object/P10061
=245  10$aHello America /$cJ.G. Ballard.
=260  \\$aLondon :$bTriad,$c1983, c1981.
=300  \\$a236p. ;$c18cm.
=336  \\$atext$2rdacontent
=337  \\$aunmediated$2rdamedia
=338  \\$avolume$2rdacarrier
=500  \\$aOriginally published: London : Cape, 1981.
=653  \\$aFiction in English$a1945-$aTexts

