=LDR  00792 am a2200289ua 4500
=001  010705691
=003  UK
=005  20160601115100.0
=008  810121s1980\\\\enk\\\\||\\\\\000\j|eng\\
=015  \\$aGB8100415$2bnb
=019  1\$a0586051872
=019  9\$a0586051872
=019  y\$aB8100415
=020  \\$a0586051872 (pbk) :$c£0.95
=039  0\$a1619
=040  \\$aUk$cUk
=082  04$a823/.9/1$218
=082  04$a823/.914$219
=100  1\$aBallard, J. G.,$d1930-2009.$1http://viaf.org/viaf/9842556$4http://rdaregistry.info/Elements/w/object/P10061
=245  14$aThe Venus hunters /$cJ.G. Ballard.
=260  \\$aLondon :$bGranada,$c1980.
=300  \\$a144p. ;$c18cm.
=336  \\$atext$2rdacontent
=337  \\$aunmediated$2rdamedia
=338  \\$avolume$2rdacarrier
=490  0\$aA Panther book
=653  \\$aShort stories in English$a1945-$aTexts

