=LDR  00892 am a2200301ui 4500
=001  010705360
=003  UK
=005  20160601115100.0
=008  780904r19781976enk\\\\||\\\\\000\j|eng\\
=015  \\$aGB7828931$2bnb
=019  1\$a0586045031
=019  9\$a0586045031
=019  y\$aB7828931
=020  \\$a0586045031 (pbk) :$c£0.75
=040  \\$aUk$cUk
=082  04$a823/.9/1$218
=100  1\$aBallard, J. G.,$d1930-2009.$1http://viaf.org/viaf/9842556$4http://rdaregistry.info/Elements/w/object/P10061
=245  10$aLow-flying aircraft, and other stories /$cJ.G. Ballard.
=260  \\$aSt Albans :$bTriad,$c1978.
=300  \\$a191p. ;$c18cm.
=336  \\$atext$2rdacontent
=337  \\$aunmediated$2rdamedia
=338  \\$avolume$2rdacarrier
=500  \\$aThis collection originally published: London : Cape, 1976.
=650  \0$aShort stories, English.
=653  \\$aShort stories in English$a1900-$aTexts

