=LDR  00890 am a2200313ua 4500
=001  010705075
=003  UK
=005  20160601115100.0
=008  850819r19851967enk\\\\||\\\\\000\j|eng\\
=015  \\$aGB8527359$2bnb
=019  1\$a0586023070
=019  9\$a0586023070
=019  y\$ab8527359
=020  \\$a0586023070 (pbk) :$c£2.50
=039  0\$a1854
=040  \\$aUk$cUk
=082  04$a823/.914$219
=100  1\$aBallard, J. G.,$d1930-2009.$1http://viaf.org/viaf/9842556$4http://rdaregistry.info/Elements/w/object/P10061
=245  14$aThe day of forever /$cJ.G. Ballard.
=260  \\$aLondon :$bPanther,$c1967$g(1985 [printing])
=300  \\$a126p. ;$c20cm.
=336  \\$atext$2rdacontent
=337  \\$aunmediated$2rdamedia
=338  \\$avolume$2rdacarrier
=653  \\$aShort stories in English$a1945-$aTexts
=866  \0$z[Another copy.]

