=LDR  00696 am a22002657a 4500
=001  010662112
=003  UK
=005  20160601115100.0
=008  941206r19941974enk\\\\||\\\\\000\1|eng\\
=015  \\$aGB9500895$2bnb
=019  1\$a009933481x
=019  9\$a009933481x
=019  y\$ab9500895
=020  \\$a009933481X (pbk) :$c£5.99
=039  0\$a2320
=040  \\$aUk$cUk
=082  04$a823.914$220
=100  1\$aBallard, J. G.,$d1930-2009.$1http://viaf.org/viaf/9842556$4http://rdaregistry.info/Elements/w/object/P10061
=240  10$aConcrete Island$1http://viaf.org/viaf/174604532
=240  10$aConcrete Island$1http://viaf.org/viaf/174604532
=245  10$aConcrete island /$cJG Ballard.
=260  \\$aLondon :$bVintage,$c1994.
=300  \\$a176p.
=336  \\$atext$2rdacontent
=337  \\$aunmediated$2rdamedia
=338  \\$avolume$2rdacarrier
=653  1\$aEnglish fiction

