=LDR  01173 am a2200349ua 4500
=001  010129072
=003  UK
=005  20160601115100.0
=008  970508s1984\\\\enkac\\||\\\\\001\||eng\\
=015  \\$aGB9735426$2bnb
=019  1\$a0965046974
=019  9\$a0965046974
=019  y\$ab9735426
=020  \\$a0965046974 (pbk) :$cNo price
=039  0\$a2440
=040  \\$aUk$cUk
=082  04$a823.914$221
=245  00$aJ. G. Ballard /$c[publishers/editors: V.Vale, Andrea Juno].
=260  \\$aSan Francisco, Calif. :$bV/Search Publications ;$aEnfield :$bAirlift [distributor],$cc1984.
=300  \\$a171p. :$bill., ports. ;$c28cm.
=336  \\$atext$2rdacontent
=337  \\$aunmediated$2rdamedia
=338  \\$avolume$2rdacarrier
=490  1\$aRE/Search ;$vno.8/9
=500  \\$aBibliography: p166-171. _ Includes index.
=500  \\$aCover title.
=600  14$aBallard, J. G.,$d1930-2009$xCriticism and interpretation.
=650  \0$aScience fiction, English$xHistory and criticism.
=700  1\$aJuno, Andrea.
=700  1\$aVale, Vivian.
=830  \0$aRE/Search ;$vno.8/9.

