=LDR  00916 am a2200325ua 4500
=001  010078059
=003  UK
=005  20160601115100.0
=008  870910s1987\\\\enk\\\\\|\\\\\000\1\eng\\
=015  \\$aGB8732026$2bnb
=019  1\$a0575041528
=019  9\$a0575041528
=019  y\$ab8732026
=020  \\$a0575041528 :$c£10.95
=039  0\$a1955
=040  \\$aUk$cUk
=050  00$aPR6052.A46
=082  04$a823/.914$219
=100  1\$aBallard, J. G.,$d1930-2009.$1http://viaf.org/viaf/9842556$4http://rdaregistry.info/Elements/w/object/P10061
=245  14$aThe day of creation /$cJ.G. Ballard.
=260  \\$aLondon :$bGollancz,$c1987.
=300  \\$a[256]p. ;$c24cm.
=336  \\$atext$2rdacontent
=337  \\$aunmediated$2rdamedia
=338  \\$avolume$2rdacarrier
=650  \0$aPhysicians$vFiction.
=651  \0$aAfrica, Central$vFiction.
=651  \0$aSahara$vFiction.
=653  \\$aFiction in English$a1945-$aTexts
=655  \7$aPsychological fiction.$2lcsh

