=LDR  00834 am a2200289ua 4500
=001  010077749
=003  UK
=005  20160601115100.0
=008  860901r19861967enk\\\\||\\\\\000\j|eng\\
=015  \\$aGB8546169$2bnb
=019  1\$a0575037709
=019  9\$a0575037709
=019  y\$ab8546169
=020  \\$a0575037709 :$c£8.95
=039  0\$a1906
=040  \\$aUk$cUk
=050  00$aPR6052.A46
=082  04$a823/.914$219
=100  1\$aBallard, J. G.,$d1930-2009.$1http://viaf.org/viaf/9842556$4http://rdaregistry.info/Elements/w/object/P10061
=245  14$aThe day of forever /$cby J.G. Ballard.
=260  \\$aLondon :$bGollancz,$c1986, c1967.
=300  \\$a126p. ;$c23cm.
=336  \\$atext$2rdacontent
=337  \\$aunmediated$2rdamedia
=338  \\$avolume$2rdacarrier
=500  \\$aOriginally published: London : Panther, 1967.
=653  \\$aShort stories in English$a1945-$aTexts

