=LDR  00858 am a2200301ua 4500
=001  010077546
=003  UK
=005  20160601115100.0
=008  850325r19851963enk\\\\||\\\\\000\j|eng\\
=015  \\$aGB8423190$2bnb
=019  1\$a0575035153
=019  9\$a0575035153
=019  y\$ab8423190
=020  \\$a0575035153 :$c£8.95
=039  0\$a1834
=040  \\$aUk$cUk
=050  00$aPR6052.A46
=082  04$a823/.914$219
=100  1\$aBallard, J. G.,$d1930-2009.$1http://viaf.org/viaf/9842556$4http://rdaregistry.info/Elements/w/object/P10061
=240  14$aThe four-dimensional nightmare
=245  14$aThe voices of time /$cby J.G. Ballard.
=260  \\$aLondon :$bGollancz,$c1985, c1963.
=300  \\$a197p. ;$c22cm.
=336  \\$atext$2rdacontent
=337  \\$aunmediated$2rdamedia
=338  \\$avolume$2rdacarrier
=500  \\$aOriginally published: 1963.
=653  \\$aShort stories in English$a1945-$aTexts

