=LDR  00778 am a2200277ua 4500
=001  010077545
=003  UK
=005  20160601115100.0
=008  850325r19851964enk\\\\||\\\\\000\j|eng\\
=015  \\$aGB8421441$2bnb
=019  1\$a0575035145
=019  9\$a0575035145
=019  y\$ab8421441
=020  \\$a0575035145 :$c£8.95
=039  0\$a1834
=040  \\$aUk$cUk
=050  00$aPR6052.A46
=082  04$a823/.914$219
=100  1\$aBallard, J. G.,$d1930-2009.$1http://viaf.org/viaf/9842556$4http://rdaregistry.info/Elements/w/object/P10061
=245  14$aThe terminal beach /$cby J.G. Ballard.
=260  \\$aLondon :$bGollancz,$c1964$g(1985 [printing])
=300  \\$a220p. ;$c22cm.
=336  \\$atext$2rdacontent
=337  \\$aunmediated$2rdamedia
=338  \\$avolume$2rdacarrier
=653  \\$aShort stories in English$a1945-$aTexts

