=LDR  00901 am a2200313ua 4500
=001  010077516
=003  UK
=005  20160601115100.0
=008  841105s1984\\\\enkb\\\\|\\\\\000\1\eng\\
=015  \\$aGB8421998$2bnb
=019  1\$a0575034831
=019  9\$a0575034831
=019  y\$ab8421998
=020  \\$a0575034831 :$c£8.95
=039  0\$a1815
=040  \\$aUk$cUk
=050  00$aPR6052.A46
=082  04$a823/.914$219
=100  1\$aBallard, J. G.,$d1930-2009.$1http://viaf.org/viaf/9842556$4http://rdaregistry.info/Elements/w/object/P10061
=240  10$aEmpire of the sun$1http://viaf.org/viaf/180997771
=245  10$aEmpire of the sun /$cJ.G. Ballard.
=260  \\$aLondon :$bGollancz,$c1984.
=300  \\$a278p. :$b1map ;$c24cm.
=336  \\$atext$2rdacontent
=337  \\$aunmediated$2rdamedia
=338  \\$avolume$2rdacarrier
=650  \0$aWorld War, 1939-1945$zChina$zShanghai$xFiction.
=651  \0$aShanghai (China)$xFiction.
=653  \\$aFiction in English$a1945-$aTexts
=655  \7$aWar stories.$2gsafd

