=LDR  00785 am a2200277uu 4500
=001  009938052
=003  UK
=005  20160601115100.0
=008  020122r19711967enk\\\\||\\\\\000\j|eng\\
=015  \\$aGB7128816$2bnb
=019  1\$adef401050
=019  9\$a0586023364
=019  y\$aB7128816
=020  \\$a0586023364 (pbk)
=040  \\$aUk$cUk
=082  04$a823/.9/1$218
=100  1\$aBallard, J. G.,$d1930-2009.$1http://viaf.org/viaf/9842556$4http://rdaregistry.info/Elements/w/object/P10061
=245  14$aThe overloaded man /$cJ.G. Ballard.
=260  \\$aLondon :$bPanther,$c1971.
=300  \\$a158p. ;$c18cm.
=336  \\$atext$2rdacontent
=337  \\$aunmediated$2rdamedia
=338  \\$avolume$2rdacarrier
=490  1\$aPanther science fiction
=500  \\$aOriginally published 1967.
=653  \\$aShort stories in English, 1900-$aTexts

