=LDR  00935 am a2200313ua 4500
=001  009379730
=003  UK
=005  20160601115100.0
=008  010723s2001\\\\enk\\\\||\\\\\000\1|eng\\
=015  \\$aGBA1Z1912$2bnb
=019  1\$a0007116861
=019  9\$a0007116861
=019  y\$abA1Z1912
=020  \\$a0007116861 (pbk.) :$c£7.99
=039  0\$a2651
=040  \\$aStDuBDS$dUk
=082  04$a823.914$221
=100  1\$aBallard, J. G.,$d1930-2009.$1http://viaf.org/viaf/9842556$4http://rdaregistry.info/Elements/w/object/P10061
=245  14$aThe atrocity exhibition /$cJ.G. Ballard ; preface by William Burroughs.
=250  \\$aRev., expanded, annotated ed.
=260  \\$aLondon :$bFlamingo,$c2001.
=300  \\$aviii, 184 p. ;$c20 cm.
=336  \\$atext$2rdacontent
=337  \\$aunmediated$2rdamedia
=338  \\$avolume$2rdacarrier
=490  0\$aFlamingo modern classic
=500  \\$aPrevious ed.: 1993.
=650  \0$aPhysicians$vFiction.
=655  07$aExperimental fiction.$2lcsh

