=LDR  00780 am a2200277ua 4500
=001  009379653
=003  UK
=005  20160601115100.0
=008  011119r20011965enk\\\\||\\\\\000\1|eng\\
=015  \\$aGBA127870$2bnb
=019  1\$a0007115180
=019  9\$a0007115180
=019  y\$abA127870
=020  \\$a0007115180 (pbk) :$c£4.99
=035  \\$a(IeDuTC)d12891026
=039  0\$a2668
=040  \\$aIeDuTC$dUk
=082  04$a823.914$221
=100  1\$aBallard, J. G.,$d1930-2009.$1http://viaf.org/viaf/9842556$4http://rdaregistry.info/Elements/w/object/P10061
=245  14$aThe drought /$cJ.G. Ballard.
=260  \\$aLondon :$bFlamingo,$c2001.
=300  \\$a232p. ;$c18cm.
=336  \\$atext$2rdacontent
=337  \\$aunmediated$2rdamedia
=338  \\$avolume$2rdacarrier
=500  \\$aOriginally published: London: Jonathan Cape, 1965.

