=LDR  00828 am a2200289ua 4500
=001  009379455
=003  UK
=005  20160601115100.0
=008  001004s2000\\\\enk\\\\||\\\\\000\1|eng\\
=015  \\$aGBA063200$2bnb
=019  1\$a0007109288
=019  9\$a0007109288
=019  y\$abA063200
=020  \\$a0002258471 (cased) :$c£16.99
=020  \\$a0007109288 (pbk.) :$c£9.99
=039  0\$a2612
=040  \\$aUk$cUk
=082  04$a823.914$221
=100  1\$aBallard, J. G.,$d1930-2009.$1http://viaf.org/viaf/9842556$4http://rdaregistry.info/Elements/w/object/P10061
=245  10$aSuper-Cannes /$cJ.G. Ballard.
=260  \\$aLondon :$bFlamingo,$c2000.
=300  \\$a391 p. ;$c22 cm.
=336  \\$atext$2rdacontent
=337  \\$aunmediated$2rdamedia
=338  \\$avolume$2rdacarrier
=650  \0$aWomen physicians$zFrance$zRiviera$vFiction.
=651  \0$aRiviera (France)$vFiction.

