=LDR  00688 am a22002657a 4500
=001  009376216
=003  UK
=005  20160601115100.0
=008  940621r19931987enk\\\\||\\\\\000\1|eng\\
=015  \\$aGB9449332$2bnb
=019  1\$a0006545947
=019  9\$a0006545947
=019  y\$ab9449332
=020  \\$a0006545947 (pbk) :$c£5.99
=039  0\$a2295
=040  \\$aUk$cUk
=082  04$a823.914$220
=100  1\$aBallard, J. G.,$d1930-2009.$1http://viaf.org/viaf/9842556$4http://rdaregistry.info/Elements/w/object/P10061
=245  14$aThe day of creation.
=260  \\$aLondon :$bFlamingo,$c1993.
=300  \\$a287p.
=336  \\$atext$2rdacontent
=337  \\$aunmediated$2rdamedia
=338  \\$avolume$2rdacarrier
=653  1\$aEnglish fiction

