=LDR  00939 am a2200325ua 4500
=001  008720158
=003  UK
=005  20160601115100.0
=008  960122s1996\\\\enk\\\\||\\\\\001\||eng\\
=015  \\$aGB9607631$2bnb
=019  1\$a0002555522
=019  9\$a0002555522
=019  a\$aG02586287
=019  g\$aadv0101129971
=019  y\$ab9607631
=020  \\$a0002555522 :$c£18.00
=039  0\$a2375
=040  \\$aUk$cUk
=082  04$a824.914$220
=100  1\$aBallard, J. G.,$d1930-2009.$1http://viaf.org/viaf/9842556$4http://rdaregistry.info/Elements/w/object/P10061
=245  12$aA user's guide to the millennium :$bessays and reviews /$cJ. G. Ballard.
=260  \\$aLondon :$bHarperCollins,$c1996.
=300  \\$a304p. ;$c24 cm.
=336  \\$atext$2rdacontent
=337  \\$aunmediated$2rdamedia
=338  \\$avolume$2rdacarrier
=650  \0$aCivilization, Modern$y20th century.
=653  1\$aEnglish prose$aEssays

