=LDR  01197 am a2200349ua 4500
=001  008718766
=003  UK
=005  20160601115100.0
=008  040216s2003\\\\enk\\\\||\\\\\000\1|eng\\
=015  \\$aGBA368053$2bnb
=019  1\$a000225848x
=019  9\$a000225848x
=019  y\$abA368053
=020  \\$a000225848X :$c£16.99
=035  \\$a(UkOxU)O15573482
=039  0\$a2780
=040  \\$aUkOxU$dUk
=082  04$a823.914$221
=100  1\$aBallard, J. G.,$d1930-2009.$1http://viaf.org/viaf/9842556$4http://rdaregistry.info/Elements/w/object/P10061
=245  10$aMillennium people /$cJ.G. Ballard.
=260  \\$aLondon :$bFlamingo,$c2003.
=300  \\$a294 p. ;$c23 cm.
=336  \\$atext$2rdacontent
=337  \\$aunmediated$2rdamedia
=338  \\$avolume$2rdacarrier
=650  \0$aMiddle class$zGreat Britain$vFiction.
=650  \0$aPolitical violence$zGreat Britain$vFiction.
=650  \0$aSocial change$zGreat Britain$vFiction.

