=LDR  00849 am a2200289ua 4500
=001  008718236
=003  UK
=005  20160601115100.0
=008  970217s1996\\\\enk\\\\||\\\\\000\1|eng\\
=015  \\$aGB96X8951$2bnb
=019  1\$a0002241358
=019  9\$a0002241358
=019  y\$ab96X8951
=020  \\$a0002241358 :$c£16.99
=039  0\$a2429
=040  \\$aStDuBDS$dUk
=082  04$a823.914$221
=100  1\$aBallard, J. G.,$d1930-2009.$1http://viaf.org/viaf/9842556$4http://rdaregistry.info/Elements/w/object/P10061
=245  10$aCocaine nights /$cJ. G. Ballard.
=260  \\$aLondon :$bFlamingo,$c1996.
=300  \\$a328p. ;$c23 cm.
=336  \\$atext$2rdacontent
=337  \\$aunmediated$2rdamedia
=338  \\$avolume$2rdacarrier
=650  \0$aBritish$zSpain$zCosta del Sol$xFiction.
=650  \0$aMurder$zSpain$zCosta del Sol$xFiction.
=650  \0$aRetirees$zSpain$zCosta del Sol$xFiction.

