=LDR  00686 am a22002657a 4500
=001  008718046
=003  UK
=005  20160601115100.0
=008  901114s1990\\\\enk\\\\||\\\\\000\j|eng\\
=015  \\$aGB9026534$2bnb
=019  1\$a0002237709
=019  9\$a0002237709
=019  y\$ab9026534
=020  \\$a0002237709 :$c£12.95
=039  0\$a2115
=040  \\$aUk$cUk
=082  04$a823.914$220
=100  1\$aBallard, J. G.,$d1930-2009.$1http://viaf.org/viaf/9842556$4http://rdaregistry.info/Elements/w/object/P10061
=245  10$aWar fever.
=260  \\$bCollins,$c1990.
=300  \\$a[224]p.
=336  \\$atext$2rdacontent
=337  \\$aunmediated$2rdamedia
=338  \\$avolume$2rdacarrier
=653  \\$aFiction in English$a1945-$aTexts

