=LDR  00917 am a2200277ua 4500
=001  008588279
=003  UK
=005  20160601115100.0
=008  970514s1990\\\\xxua\\\||\\\\\000\1|eng\\
=019  1\$abld0056523
=020  \\$a0940642182 (pbk)
=020  \\$a0940642190 (cased)
=040  \\$aDLC$cDLC$dUk
=100  1\$aBallard, J. G.,$d1930-2009.$1http://viaf.org/viaf/9842556$4http://rdaregistry.info/Elements/w/object/P10061
=245  14$aThe atrocity exhibition /$cby J.G. Ballard, with author's annotations.
=250  \\$aRev., expanded, annotated, illustrated ed.
=260  \\$aSan Francisco, Calif. :$bRE/Search Publications,$cc1990.
=300  \\$a127 p. :$bill. ;$c28 cm.
=336  \\$atext$2rdacontent
=337  \\$aunmediated$2rdamedia
=338  \\$avolume$2rdacarrier
=500  \\$aPrevious ed.: London : Cape, 1970.
=650  \0$aAtrocities$xFiction.
=650  \0$aCivilization, Modern$xFiction.
=655  07$aFantasy fiction.$2gsafd

