=LDR  00946 am a2200301uu 4500
=001  008110984
=003  UK
=005  20170823202000.0
=008  960206s1969\\\\enk\\\\||\\\\||||\||eng\\
=015  \\$aGB6911830$2bnb
=019  1\$a0850310059
=019  9\$a0850310059
=019  y\$aB6911830
=020  \\$a0850310059
=040  \\$aUk$cUk
=082  04$a823/.91$218
=100  1\$aPeake, Mervyn,$d1911-1968.
=245  14$aThe inner landscape /$cMervyn Peake, J. G. Ballard, Brian W. Aldiss.
=260  \\$aLondon :$bAllison & Busby,$c1969.
=300  \\$a151p.
=336  \\$atext$2rdacontent
=337  \\$aunmediated$2rdamedia
=338  \\$avolume$2rdacarrier
=500  \\$aOriginally published (B56-16737) in 'Sometime never'. London: Eyre & Spottiswoode, 1956.
=650  \0$aScience fiction.
=700  1\$aAldiss, Brian W.$q(Brian Wilson),$d1925-2017.
=700  1\$aBallard, J. G.,$d1930-2009.

