=LDR  00769 am a22002897a 4500
=001  007452739
=003  UK
=005  20160601115100.0
=008  940705r19931963enk\\\\||\\\\\000\1|eng\\
=015  \\$aGB9406030$2bnb
=019  1\$a1857990269
=019  9\$a1857990269
=019  y\$ab9406030
=020  \\$a1857990269 (pbk) :$c£4.99
=035  \\$a(IeDuTC)D1815150
=039  0\$a2297
=040  \\$aIeDuTC$dUk
=082  04$a823.914$220
=100  1\$aBallard, J. G.,$d1930-2009.$1http://viaf.org/viaf/9842556$4http://rdaregistry.info/Elements/w/object/P10061
=245  14$aThe drowned world.
=260  \\$aLondon :$bPhoenix,$c1993.
=300  \\$a175p.
=336  \\$atext$2rdacontent
=337  \\$aunmediated$2rdamedia
=338  \\$avolume$2rdacarrier
=650  \0$aEnglish fiction$y20th century.
=653  1\$aEnglish fiction

