=LDR  00715 am a22002657a 4500
=001  007452727
=003  UK
=005  20160601115100.0
=008  930712r19921974enk\\\\||\\\\\000\j|eng\\
=015  \\$aGB9335112$2bnb
=019  1\$a1857990005
=019  9\$a1857990005
=019  y\$ab9335112
=020  \\$a1857990005 (pbk) :$c£4.99
=039  0\$a2248
=040  \\$aUk$cUk
=082  04$a823.914$220
=100  1\$aBallard, J. G.,$d1930-2009.$1http://viaf.org/viaf/9842556$4http://rdaregistry.info/Elements/w/object/P10061
=245  14$aThe voices of time /$cJ.G. Ballard.
=260  \\$aLondon :$bOrion,$c1992.
=300  \\$a197p.
=336  \\$atext$2rdacontent
=337  \\$aunmediated$2rdamedia
=338  \\$avolume$2rdacarrier
=653  1\$aEnglish fiction$aShort stories

