=LDR  00861 am a2200301ua 4500
=001  007390700
=003  UK
=005  20160601115100.0
=008  840430r19841964enk\\\\||\\\\\000\1|eng\\
=015  \\$aGB8400816$2bnb
=019  1\$a0460022652
=019  9\$a0460022652
=019  y\$ab8400816
=020  \\$a0460022652 (pbk) :$c£2.95
=039  0\$a1788
=040  \\$aUk$cUk
=050  00$aPR6052.A46
=082  04$a823/.914$219
=100  1\$aBallard, J. G.,$d1930-2009.$1http://viaf.org/viaf/9842556$4http://rdaregistry.info/Elements/w/object/P10061
=245  14$aThe terminal beach /$cJ. G. Ballard.
=260  \\$aLondon :$bDent,$c1984, c1964.
=300  \\$a220p. ;$c20cm.
=336  \\$atext$2rdacontent
=337  \\$aunmediated$2rdamedia
=338  \\$avolume$2rdacarrier
=490  0\$aEveryman fiction
=500  \\$aOriginally published: London : Gollancz, 1964.
=653  \\$aFiction in English$a1945-$aTexts

