=LDR  01329 am a2200385ua 4500
=001  007375349
=003  UK
=005  20160601115100.0
=008  900704s1989\\\\enka\\\||\\\\\000\||eng\\
=015  \\$aGB8931860$2bnb
=019  1\$a043516418x
=019  9\$a043516418x
=019  y\$ab8931860
=020  \\$a043516418X (unbound) :$c£5.95
=039  0\$a2096
=040  \\$aUk$cUk
=043  \\$ae-uk---
=050  00$aPR51.G7
=082  04$a823.0071241$220
=100  1\$aHales, Sheila.
=245  10$aEmpire of the sun, J.G. Ballard /$cunit written by Sheila Hales.
=260  \\$aOxford :$bHeinemann Educational,$c1989.
=300  \\$a48p. :$bill. ;$c30cm.
=336  \\$atext$2rdacontent
=337  \\$aunmediated$2rdamedia
=338  \\$avolume$2rdacarrier
=490  0\$aHeinemann fiction project
=490  1\$aTeaching strategies for literature and language
=500  \\$aIn plastic slip case.
=650  \0$aEnglish literature$xStudy and teaching (Secondary)$zGreat Britain.
=650  \0$aFiction$xStudy and teaching (Secondary)$zGreat Britain.
=653  \\$aGreat Britain$aSecondary schools$aCurriculum subjects$aFiction in English$aTeaching
=700  1\$aBallard, J. G.,$d1930-2009.$tEmpire of the sun.
=830  \0$aTeaching strategies for literature and language

