=LDR  00704 am a2200265ua 4500
=001  007375120
=003  UK
=005  20160601115100.0
=008  890614r19891984enk\\\\||\\\\\000\1|eng\\
=015  \\$aGB8903181$2bnb
=019  1\$a0435123424
=019  9\$a0435123424
=019  y\$ab8903181
=020  \\$a0435123424 :$c£3.50
=039  0\$a2043
=040  \\$aUk$cUk
=082  04$a823/.914$219
=100  1\$aBallard, J. G.,$d1930-2009.$1http://viaf.org/viaf/9842556$4http://rdaregistry.info/Elements/w/object/P10061
=245  10$aEmpire of the sun.
=260  \\$bHeinemann Educational,$c1989.
=300  \\$a269p.
=336  \\$atext$2rdacontent
=337  \\$aunmediated$2rdamedia
=338  \\$avolume$2rdacarrier
=653  \\$aFiction in English$a1945-$aTexts

