=LDR  00764 am a2200277ua 4500
=001  007364214
=003  UK
=005  20160601115100.0
=008  850107r19841967enk\\\\||\\\\\000\1|eng\\
=015  \\$aGB8421511$2bnb
=019  1\$a0224611887
=019  9\$a0224611887
=019  y\$ab8421511
=020  \\$a0224611887 :$c£8.95
=039  0\$a1823
=040  \\$aUk$cUk
=050  00$aPR6052.A46
=082  04$a823/.914$219
=100  1\$aBallard, J. G.,$d1930-2009.$1http://viaf.org/viaf/9842556$4http://rdaregistry.info/Elements/w/object/P10061
=245  14$aThe disaster area /$cJ.G. Ballard.
=260  \\$aLondon :$bCape,$c1967$g(1984 [printing])
=300  \\$a206p. ;$c20cm.
=336  \\$atext$2rdacontent
=337  \\$aunmediated$2rdamedia
=338  \\$avolume$2rdacarrier
=653  \\$aFiction in English$a1945-$aTexts

