=LDR  00817 am a2200301ua 4500
=001  007362469
=003  UK
=005  20160601115100.0
=008  810706s1981\\\\enk\\\\\|\\\\\000\1\eng\\
=015  \\$aGB8104296$2bnb
=019  1\$a0224019147
=019  9\$a0224019147
=019  y\$aB8104296
=020  \\$a0224019147 :$c£6.50
=039  0\$p1643$a1624
=040  \\$aUk$cUk
=050  00$aPR6052.A46
=082  04$a823/.9/1$218
=082  04$a823/.914$219
=100  1\$aBallard, J. G.,$d1930-2009.$1http://viaf.org/viaf/9842556$4http://rdaregistry.info/Elements/w/object/P10061
=245  10$aHello America /$cJ.G. Ballard.
=260  \\$aLondon :$bCape,$c1981.
=300  \\$a224p. ;$c21cm.
=336  \\$atext$2rdacontent
=337  \\$aunmediated$2rdamedia
=338  \\$avolume$2rdacarrier
=653  \\$aFiction in English$a1945-$aTexts
=655  \7$aScience fiction.$2gsafd

