=LDR  00860 am a2200253ua 4500
=001  006716274
=003  UK
=005  20160601115100.0
=008  011119s2001\\\\enk\\\\||\\\\\000\j|eng\\
=015  \\$aGBA1W4933$2bnb
=019  1\$a0007124058
=020  \\$a0007124058 :$c£25.00
=040  \\$aStDuBDS$dUk
=082  04$a823.914$221
=100  1\$aBallard, J. G.,$d1930-2009.$1http://viaf.org/viaf/9842556$4http://rdaregistry.info/Elements/w/object/P10061
=240  10$aShort stories (Ibadan, Nigeria)
=245  14$aThe complete short stories /$cJ.G. Ballard.
=260  \\$aLondon :$bFlamingo,$c2001.
=300  \\$aix, 1189 p. ;$c25 cm.
=336  \\$atext$2rdacontent
=337  \\$aunmediated$2rdamedia
=338  \\$avolume$2rdacarrier
=505  0\$aPartial contents: includes four stories that have not previously appeared in a collection.
=651  \0$aGreat Britain$xSocial life and customs$y20th century$vFiction.

