=LDR  00697caa a22002053u 4500
=001  006117442
=003  UK
=005  20211231165902.0
=008  911121s1992\\\\enk\\\\||\\\\\000\||eng\\
=019  a\$aG01720252
=020  \\$a0313279225
=040  \\$aBook Data$dUk
=100  1\$aStephenson, Gregory.
=245  00$aOut of the night and into the dream :$bA thematic study of the fiction of J G Ballard.
=260  \\$bGreenwood Press,$c1991.
=336  \\$atext$2rdacontent
=337  \\$aunmediated$2rdamedia
=338  \\$avolume$2rdacarrier
=540  \\$aBritish Library not licensed to copy$c0$5Uk

