=LDR  00563nam a22002053  4500
=001  004120253
=003  UK
=005  20200127184706.0
=008  010814s1970\\\\enk\\\\||\\\\\000\||eng\\
=019  x\$a5000111966
=020  \\$a0586024190
=040  \\$aUK$cUk
=100  1\$aBallard, J. G.,$d1930-2009.$1http://viaf.org/viaf/9842556$4http://rdaregistry.info/Elements/w/object/P10061
=245  14$aThe crystal world. Reprinted.
=264  \1$aLondon :$bPanther,$c1970.
=300  \\$a175 pages
=336  \\$atext$2rdacontent
=337  \\$aunmediated$2rdamedia
=338  \\$avolume$2rdacarrier
=490  0\$a(Panther Science Fiction.)

