=LDR  00456nam a22001693  4500
=001  004120252
=003  UK
=005  20160601115100.0
=008  030326s1970\\\\enk\\\\||\\\\\000\1|eng\\
=019  x\$a5000111958
=040  \\$aUK$cUk
=100  1\$aBallard, J. G.,$d1930-2009.$1http://viaf.org/viaf/9842556$4http://rdaregistry.info/Elements/w/object/P10061
=245  14$aThe crystal world.
=260  \\$aLondon :$bPanther,$c1970.
=336  \\$atext$2rdacontent
=337  \\$aunmediated$2rdamedia
=338  \\$avolume$2rdacarrier

