=LDR  00811nam a22002413  4500
=001  001802009
=003  UK
=005  20130521173000.0
=008  950331|1975||||enk\\\\||\\\\||||\||eng\\
=019  x\$a158466021X
=020  \\$a0552097489
=040  \\$aUk$cUk
=245  14$aThe inner landscape. [Stories by] Mervyn Peake, J. G. Ballard, Brian W. Aldiss. (Reissued.).
=260  \\$aEaling :$bCorgi Books, Transworld Publishers,$c1975.
=300  \\$a186 p. ;$c18 cm.
=336  \\$atext$2rdacontent
=337  \\$aunmediated$2rdamedia
=338  \\$avolume$2rdacarrier
=490  0\$a(Corgi SF collector's library.)
=500  \\$aPrinted in New York.
=720  \\$aINNER LANDSCAPE$emain entry
=866  \0$z[Another copy.] The inner landscape. 1975.

