=LDR  00798nam a22002293  4500
=001  001443673
=003  UK
=005  20220128184854.0
=008  880920|1970|||||||\\\\||\\\\\|||\||eng\\
=019  x\$a1264170122
=040  \\$aUk$cUk
=100  1\$aGODDARD, James,$cof Lymington.
=245  10$aJ. G. Ballard. A bibliography, etc.
=260  \\$aLymington :$bCypher Press,$c[1970]
=300  \\$a27 p. ;$c26 cm.
=336  \\$atext$2rdacontent
=337  \\$aunmediated$2rdamedia
=338  \\$avolume$2rdacarrier
=500  \\$aReproduced from typewriting.
=700  1\$aBallard, J. G.,$d1930-2009.

