=LDR  00500nam a22001813  4500
=001  000184368
=003  UK
=005  20200424185629.0
=008  871103|1964||||enk\\\\||\\\\\|||\||eng\\
=019  x\$a0173840302
=040  \\$aUk$cUk
=100  1\$aBallard, J. G.,$d1930-2009.$1http://viaf.org/viaf/9842556$4http://rdaregistry.info/Elements/w/object/P10061
=240  10$aTerminal Beach$1http://www.wikidata.org/entity/Q7768486
=245  14$aThe Terminal Beach.
=264  \1$aLondon :$bVictor Gollancz,$c1964.
=300  \\$a220 pages ;$c(8º)
=336  \\$atext$2rdacontent
=337  \\$aunmediated$2rdamedia
=338  \\$avolume$2rdacarrier

