=LDR  00566nam a22001933  4500
=001  000184365
=003  UK
=005  20200424185629.0
=008  871103|1965||||enk\\\\||\\\\\|||\||eng\\
=019  x\$a0173840272
=040  \\$aUk$cUk
=100  1\$aBallard, J. G.,$d1930-2009.$1http://viaf.org/viaf/9842556$4http://rdaregistry.info/Elements/w/object/P10061
=245  14$aThe Four-Dimensional Nightmare.
=264  \1$aHarmondsworth :$bPenguin Books,$c1965.
=300  \\$a222 pages ;$c(8º)
=336  \\$atext$2rdacontent
=337  \\$aunmediated$2rdamedia
=338  \\$avolume$2rdacarrier
=490  0\$a[Penguin Books. no. 2345.]

