=LDR  00498nam a22001813  4500
=001  000184361
=003  UK
=005  20200424185629.0
=008  871103|1967||||enk\\\\||\\\\\|||\||eng\\
=019  x\$a017384023X
=040  \\$aUk$cUk
=100  1\$aBallard, J. G.,$d1930-2009.$1http://viaf.org/viaf/9842556$4http://rdaregistry.info/Elements/w/object/P10061
=245  14$aThe Disaster area.
=264  \1$aLondon :$bJonathan Cape,$c1967.
=300  \\$a205 pages ;$c(8º)
=336  \\$atext$2rdacontent
=337  \\$aunmediated$2rdamedia
=338  \\$avolume$2rdacarrier

