=LDR  00486nam a22001813  4500
=001  000184360
=003  UK
=005  20160601115100.0
=008  871103|1966||||enk\\\\||\\\\\|||\||eng\\
=019  x\$a0173840221
=040  \\$aUk$cUk
=100  1\$aBallard, J. G.,$d1930-2009.$1http://viaf.org/viaf/9842556$4http://rdaregistry.info/Elements/w/object/P10061
=245  14$aThe crystal world.
=260  \\$aLondon :$bCape,$c1966.
=300  \\$a221 p. ;$c20 cm.
=336  \\$atext$2rdacontent
=337  \\$aunmediated$2rdamedia
=338  \\$avolume$2rdacarrier

