=LDR  00622nam a22002053  4500
=001  000184358
=003  UK
=005  20220128175853.0
=008  871103|1974||||enk\\\\||\\\\\|||\||eng\\
=019  x\$a0173840205
=020  \\$a0224009702
=040  \\$aUk$cUk
=100  1\$aBallard, J. G.,$d1930-2009.$1http://viaf.org/viaf/9842556$4http://rdaregistry.info/Elements/w/object/P10061
=240  10$aConcrete Island$1http://viaf.org/viaf/174604532
=240  10$aConcrete Island$1http://viaf.org/viaf/174604532
=245  10$aConcrete island.
=260  \\$aLondon :$bCape,$c1974.
=300  \\$a176 p. ;$c21 cm.
=336  \\$atext$2rdacontent
=337  \\$aunmediated$2rdamedia
=338  \\$avolume$2rdacarrier

