=LDR  00529nam a22001933  4500
=001  000184357
=003  UK
=005  20160601115100.0
=008  871103|1970||||enk\\\\||\\\\\|||\||eng\\
=019  x\$a0173840191
=020  \\$a0224618385
=040  \\$aUk$cUk
=100  1\$aBallard, J. G.,$d1930-2009.$1http://viaf.org/viaf/9842556$4http://rdaregistry.info/Elements/w/object/P10061
=245  14$aThe atrocity exhibition.
=260  \\$aLondon :$bJonathan Cape,$c1970.
=300  \\$a156 p. ;$c20 cm.
=336  \\$atext$2rdacontent
=337  \\$aunmediated$2rdamedia
=338  \\$avolume$2rdacarrier

