=LDR  00601nam a22001813  4500
=001  000184356
=003  UK
=005  20220128175853.0
=008  871103|1974|||||||\\\\||\\\\\|||\||eng\\
=019  x\$a0173840183
=040  \\$aUk$cUk
=100  1\$aBallard, J. G.,$d1930-2009.$1http://viaf.org/viaf/9842556$4http://rdaregistry.info/Elements/w/object/P10061
=245  10$a[Later editions of novels by J. G. Ballard, not catalogued separately.]
=260  \\$c1974-
=336  \\$atext$2rdacontent
=337  \\$aunmediated$2rdamedia
=338  \\$avolume$2rdacarrier

