=LDR  00996nam a22002413  4500
=001  000184353
=003  UK
=005  20190519121717.0
=008  871103|1825||||fr\\\\\||\\\\\|||\||fre\\
=019  x\$a0173840108
=040  \\$aUk$cUk
=100  1\$aBALLARD, J. G.,$cDocteur en Médecine.
=245  10$aQuelques considérations sur le système vasculaire abdominal veineux et lymphatique, etc.
=264  \1$aMontpellier,$c1825.
=300  \\$a15 pages ;$c(4º)
=336  \\$atext$2rdacontent
=337  \\$aunmediated$2rdamedia
=338  \\$avolume$2rdacarrier
=340  \\$m4to$2rdabf
=650  \7$aMedicine.$2fast$0(OCoLC)fst01014893
=655  \7$aAcademic theses.$2fast$0(OCoLC)fst01726453

