=LDR  00546nam a22001933  4500
=001  000184351
=003  Uk
=005  20220112074551.0
=008  930429s1968\\\\enk\\\\\\\\\\\000\f\eng\\
=019  x\$a0173840086
=040  \\$aUk$cUk
=100  1\$aBallard, J. G.,$d1930-2009.$1http://viaf.org/viaf/9842556$4http://rdaregistry.info/Elements/w/object/P10061
=245  10$aWhy I want to fuck Ronald Reagan.
=260  \\$aBrighton :$bUnicorn Bookshop,$c[1968]
=300  \\$aPages not numbered ;$c26 cm.
=336  \\$atext$2rdacontent
=337  \\$aunmediated$2rdamedia
=338  \\$avolume$2rdacarrier

