=LDR  03135ngm a2200649 c 4500
=001  a6921572
=003  SpMaBN
=005  20211026092921.3
=007  vd*cvaizk
=008  210901s2021\\\\sp\138\e\\\\\\\\\\vlspa\\
=015  \\$aVD21
=017  \\$aB 3123-2021$bOficina Depósito Legal Barcelona
=024  3\$a8436535549837
=028  40$aAC0983$bA Contracorriente Films
=035  \\$a(OCoLC)1266355727
=040  \\$aSpMaBN$bspa$cSpMaBN$erda
=041  1\$aspa$aeng$jspa$heng
=130  10$aCrash$1http://www.wikidata.org/entity/Q188000
=245  10$aCrash$cuna película de David Cronenberg ; música, Howard Shore ; director de fotografía, Peter Suschitzky ; escrita por David Cronenberg ; producida y dirigida por David Cronenberg
=250  \\$aEdición 25 aniversario
=264  \1$a[Barcelona]$bA Contracorriente Films,$c[2021]
=264  \2$a[Barcelona]$bA Contracorriente Films,$c[2021]
=264  \4$c©2021
=300  \\$a1 videodisco (aproximadamente 138 min)$bsonido, color$c12 cm
=336  \\$aImagen bidimensional en movimiento$2rdacontent
=337  \\$avídeo$2rdamedia
=338  \\$avideodisco$bvd$2rdacarrier
=336  \\$atodimensjonalt levende bilde$2rdacontent$0http://rdaregistry.info/termList/RDAContentType/1023
=337  \\$avideo$2rdamedia$0http://rdaregistry.info/termList/RDAMediaType/1008
=338  \\$avideplate$2rdacarrier$0http://rdaregistry.info/termList/RDACarrierType/1060
=380  \\$afilmverk$0https://schema.nb.no/Bibliographic/Values/V1002
=340  \\$gcolor
=344  \\$adigital$bóptico$hDolby Digital 5.1$hDolby Digital 2.0
=345  \\$c1.66:1$c16:9$danamórfico compatible con 4:3
=346  \\$bPAL
=347  \\$aarchivo de vídeo$bDVD-Vídeo$ezona 2
=500  \\$aIncluye extras (aproximadamente 42 min)
=500  \\$aLargometraje coproducido por Canadá y Reino Unido en 1996
=500  \\$aRestaurada en 4K
=508  \\$aPresentadores, Jeremy Thomas, Robert Lantos ; una producción de Alliance Communications
=511  1\$aJames Spader, Holly Hunter, Elias Koteas
=520  3\$aUna noche, James Ballard estrella su coche contra el de Helen y ambos son ingresados en un hospital. Lo sorprendente es que inmediatamente después del choque los dos experimentaron una extraña atracción mutua. A partir de entonces, la vida de James se precipitará hacia un mundo oscuro y prohibido, dominado por el peligro, el sexo y la muerte
=521  1\$aNo recomendada para menores de 18 años
=546  \\$aVersiones en español e inglés, con subtítulos en español
=586  \\$aEntre otros: Premio Especial del Jurado en el Festival de Cannes (1996); 6 Premios en los Genie Awards (1996)
=655  \7$aCine de suspense$2tgfbne
=655  \7$aCine erótico$2tgfbne
=655  \7$aDramas cinematográficos$2tgfbne
=700  1\$aCronenberg, David$d1943-$edirector de cine$eproductor$eguionista$4fmd $4pro $4aus
=700  1\$aHunter, Holly$d1958-$eactor$4act
=700  1\$aKoteas, Elias$d1961-$eactor$4act
=700  1\$aShore, Howard$d1946-$ecompositor$4cmp
=700  1\$aSpader, James$d1960-$eactor$4act
=700  1\$aSuschitzky, Peter$d1941-$edirector de fotografía$4cng
=700  1\$iBasada en (obra):$aBallard, J. G.$d1930-2009$tCrash
=711  2\$aFestival International du Film$n49º$d1996$cCannes
=711  2\$aGenie Awards$n17º$d1996$cToronto
=730  02$aCrash (Película cinematográfica : 1996)$lEspañol

