=LDR  03055ngm a2200637 c 4500
=001  a6049004
=003  SpMaBN
=005  20180619082353.3
=007  vd*cvaizq
=008  171106s2016\\\\sp\113\g\\\\\\q\\\vlspa\\
=015  \\$aVD16
=017  \\$aM 15612-2016$bOficina Depósito Legal Madrid
=024  3\$a8437010738128
=028  40$aBE73812$bBetta Pictures
=035  \\$a(OCoLC)1201038024
=040  \\$aSpMaBN$bspa$cSpMaBN$erdc
=041  1\$aspa$aeng$heng$jspa
=084  \\$a1$2VD
=130  10$aHigh Rise$1http://www.wikidata.org/entity/Q16994014
=245  10$aHigh-rise$cdirector, Ben Wheatley ; productor, Jeremy Thomas ; guión, Amy Jump ; fotografía, Laurie Rose ; música, Clint Mansell
=260  \\$a[Madrid?]$bdistribuida por Betta Pictures a través de Karma Films$cD.L. 2016
=300  \\$a1 DVD-Vídeo (ca. 113 min)$bson., col.
=336  \\$aImagen (en movimiento ; bidimensional)$2isbdcontent
=337  \\$avídeo$2isbdmedia
=336  \\$atodimensjonalt levende bilde$2rdacontent$0http://rdaregistry.info/termList/RDAContentType/1023
=337  \\$avideo$2rdamedia$0http://rdaregistry.info/termList/RDAMediaType/1008
=338  \\$avideplate$2rdacarrier$0http://rdaregistry.info/termList/RDACarrierType/1060
=380  \\$afilmverk$0https://schema.nb.no/Bibliographic/Values/V1002
=500  \\$aBasada en la novela de J.G. Ballard
=500  \\$aIncluye extras: ficha técnica, ficha artística, tráiler
=511  1\$aTom Hiddleston, Jeremy Irons, Sienna Miller, Luke Evans, Elisabeth Moss
=518  \\$aLargometraje producido en Reino Unido en 2015
=520  3\$aAño 1975. El doctor Robert Laing se muda a la Torre Elysium, un enorme rascacielos dentro del cual se desarrolla todo un mundo aparte, en el cual parece existir la sociedad ideal. Pero secretamente, el recién llegado se sentirá perturbado ante la posibilidad de que este orden utópico no sea tal. Sospechas que rápidamente serán corroboradas de la forma más siniestra
=521  1\$aNo recomendada para menores de 16 años
=530  \\$aDisponible también en Blu-ray
=538  \\$aFormato de pantalla 16:9
=538  \\$aFormato de película 2.35:1
=538  \\$aFormato de sonido Dolby Digital 5.1
=538  \\$aSistema de grabación del color PAL
=546  \\$aVersiones en español e inglés, con subtítulos opcionales en español
=586  \\$aBritish Film Designers Guild Awards (2016), Golden Trailer Awards (2016)
=655  \7$aComedias de humor negro$2tgfbne
=655  \7$aDramas cinematográficos$2tgfbne
=700  1\$aBallard, J. G.$d1930-2009$tHigh-rise$eidea original$4ccp
=700  1\$aEvans, Luke$d1979-$eactor$4act
=700  1\$aHiddleston, Tom$d1981-$eactor$4act
=700  1\$aIrons, Jeremy$d1948-$eactor$4act
=700  1\$aJump, Amy$eguionista$4aus
=700  1\$aMansell, Clint$d1963-$ecompositor$4cmp
=700  1\$aMiller, Sienna$d1981-$eactor$4act
=700  1\$aMoss, Elisabeth$d1982-$eactor$4act
=700  1\$aRose, Laurie$edirector de fotografía$4cng
=700  1\$aThomas, Jeremy$d1949-$eproductor$4pro
=700  1\$aWheatley, Ben$edirector de cine$4fmd
=711  2\$aBritish Film Designers Guild Awards$d2016$cPinewood Studios, Buckinghamshire
=711  2\$aGolden Trailer Awards$n17º$d2016$cNueva York, EEUU
=758  \\$aHigh-rise$1http://viaf.org/viaf/308016990$4http://rdaregistry.info/Elements/w/object/P10129
=776  0\$tHigh-rise$h1 Blu-ray$wa6226810

