=LDR  03325ngm a2200625 c 4500
=001  a5844090
=003  SpMaBN
=005  20200418003215.7
=007  vd*cvaizq
=008  160901s2016\\\\sp\147\g\\\\\\\\\1zlspa\\
=017  \\$aM 20681-2016$bOficina Depósito Legal Madrid
=028  40$aZ4-73737$bWarner Bros. Entertainment
=035  \\$a(OCoLC)960384454
=040  \\$aSpMaBN$bspa$cSpMaBN$erdc
=041  1\$aspa$aeng$ager$jmul$heng
=084  \\$a1$2VD
=130  10$aEmpire of the sun$1http://viaf.org/viaf/293611582
=245  13$aEl Imperio del Sol =$bEmpire of the sun$cdirigida por Steven Spielberg ; producida por Steven Spielberg, Kathleen Kennedy, Frank Marshall ; guión de Tom Stoppard ; director de fotografía, Allen Daviau ; música de John Williams
=250  \\$aEd. especial
=260  \\$a[Madrid]$bdistribuida en España por Warner Home Video Española$cD.L. 2016
=300  \\$a2 DVD-Vídeo (ca. 147 min)$bson., col.
=336  \\$aImagen (en movimiento ; bidimensional)$2isbdcontent
=337  \\$avídeo$2isbdmedia
=336  \\$atodimensjonalt levende bilde$2rdacontent$0http://rdaregistry.info/termList/RDAContentType/1023
=337  \\$avideo$2rdamedia$0http://rdaregistry.info/termList/RDAMediaType/1008
=338  \\$avideplate$2rdacarrier$0http://rdaregistry.info/termList/RDACarrierType/1060
=380  \\$afilmverk$0https://schema.nb.no/Bibliographic/Values/V1002
=500  \\$aBasada en la novela de J.G. Ballard
=500  \\$aCopia para venta y/o alquiler
=500  \\$aIncluye extras: documental "The China osissey", tráiler cinematográfico
=505  0\$aDVD 1. Película. -- DVD 2. documental "The China osissey", tráiler cinematográfico
=511  1\$aJohn Malkovich, Miranda Richardson, Nigel Havers
=518  \\$aRealizada en 1987 en Estados Unidos
=520  3\$aJim es un niño inglés de familia acomodada que se pierde de sus padres cuando las tropas japonesas entran en Shanghai. Pocos días después es capturado y enviado a un campo de concentración donde vivirá casi cuatro años
=521  1\$aAutorizada para todos lo públicos
=546  \\$aVersiones en español, englés y alemán, con subtítulos opcionales en español, inglés, alemán, portugués, danés, finlandés, noruego, sueco, polaco, esloveno, croata, checo, griego, hebreo, húngaro, turco, serbio, codificado para sordos en inglés y alemán
=597  \\$aFormato de doble capa de lectura
=597  \\$aFormato de pantalla 16:9
=597  \\$aFormato de película 1.85:1
=597  \\$aFormato de sonido Dolby Digital 2.0 y 5.1
=655  \7$aCine bélico$2tgfbne
=655  \7$aCine histórico$2tgfbne
=655  \7$aDramas cinematográficos$2tgfbne
=700  1\$aBallard, J. G.$d1930-2009$tEmpire of the sun
=700  1\$aDaviau, Allen$d1942-2020$edirector de fotografía$4cng
=700  1\$aHavers, Nigel$d1949-$eactor$4act
=700  1\$aKennedy, Kathleen$d1953-$eproductor$4pro
=700  1\$aMalkovich, John$d1953-$eactor$4act
=700  1\$aMarshall, Frank$d1946-$eproductor$4pro
=700  1\$aRichardson, Miranda$d1958-$eactor$4act
=700  1\$aSpielberg, Steven$d1946-$edirector de cine$eproductor$4fmd $4pro
=700  1\$aStoppard, Tom$d1937-$eguionista$4aus
=700  1\$aWilliams, John$d1932-$ecompositor$4cmp
=776  0\$tEl imperio del Sol$hGrabación sonora$wbiso0000772518

