=LDR  01050nam a2200337 c 4500
=001  a5437426
=003  SpMaBN
=005  20200114011706.3
=008  131127s2013\\\\sp\\\\\|\||||\000\j\spa\\
=015  \\$aMON13
=017  \\$aB 24299-2013$bOficina Depósito Legal Barcelona
=020  \\$a978-84-9006-980-6
=035  \\$a(OCoLC)870102836
=040  \\$aSpMaBN$bspa$cSpMaBN$erdc
=041  1\$aspa$heng
=080  \\$a821.111-32"19"
=100  1\$aBallard, J. G.$d1930-2009$0XX1721261$1http://viaf.org/viaf/9842556$4http://rdaregistry.info/Elements/w/object/P10061
=243  10$aCuentos$lEspañol
=245  10$aCuentos completos$cJ.G. Ballard ; traducción de Manuel Manzano y Rafael González del Solar
=250  \\$a1ª ed.
=260  \\$aBarcelona$bRBA$c2013
=300  \\$a1275 p.$c24 cm
=336  \\$aTexto (visual)$2isbdcontent
=337  \\$asin mediación$2isbdmedia
=700  1\$aGonzález del Solar, Rafael
=700  1\$aManzano, Manuel$d1965-

