=LDR  01082nam a2200349 c 4500
=001  a5321024
=003  SpMaBN
=005  20191220023217.6
=008  130222s2013\\\\sp\\\\\|\||||\000\f\spa\\
=015  \\$aMON12
=017  \\$aB 16937-2012$bOficina Depósito Legal Barcelona
=020  \\$a978-84-9006-471-9
=035  \\$a(OCoLC)864107258
=040  \\$aSpMaBN$bspa$cSpMaBN$erdc
=041  1\$aspa$heng
=080  \\$a821.111-31"19"
=100  1\$aBallard, J. G.$d1930-2009$0XX1721261$1http://viaf.org/viaf/9842556$4http://rdaregistry.info/Elements/w/object/P10061
=240  14$aThe cristal world$lEspañol
=245  13$aEl mundo de cristal$cJ.G. Ballard ; traducción de Manuel Manzano
=250  \\$a1ª ed.
=260  \\$aBarcelona$bRBA$c2013
=300  \\$a204 p.$c22 cm
=336  \\$aTexto (visual)$2isbdcontent
=337  \\$asin mediación$2isbdmedia
=490  0\$aLiteratura fantástica$v8
=594  \\$aTítulo original: The cristal world
=700  1\$aManzano, Manuel$d1965-

