=LDR  01029nam a2200313 c 4500
=001  a5263005
=003  SpMaBN
=005  20191220022914.6
=008  120925s2012\\\\sp\\\\\|\||||\000\0\spa\\
=015  \\$aMON12
=017  \\$aGR 1174-2012$bOficina Depósito Legal Granada
=020  \\$a978-84-15156-42-0
=035  \\$a(OCoLC)828312976
=040  \\$aSpMaBN$bspa$cSpMaBN$erdc
=080  \\$a821.134.2-32"19"
=100  1\$aSantos, Domingo$d1941-$0XX1108386
=245  10$aHomenaje$cDomingo Santos
=246  0\$iSubtítulo de la cubierta$aEl maestro de la ciencia ficción española rinde homenaje a Isaac Asimov, J.R.R. Tolkien, J.G. Ballard ...
=250  \\$a1ª ed.
=260  \\$aGranada$bGrupo AJEC$c2011
=300  \\$a382 p.$c23 cm
=336  \\$aTexto (visual)$2isbdcontent
=337  \\$asin mediación$2isbdmedia
=490  0\$aArrakis ficción$v11

