=LDR  01279cam a2200373   4500
=001  a4724726
=003  SpMaBN
=005  20191218012339.4
=008  100412s2010\\\\sp\a\\\|\||||\000\0aspa\\
=015  \\$aMON10
=017  \\$aB 2839-2010$bOficina Depósito Legal Barcelona
=020  \\$a978-84-9908-177-9
=035  \\$a(OCoLC)868868085
=040  \\$aSpMaBN$bspa$cSpMaBN$erdc
=041  1\$aspa$heng
=080  \\$a821.111-94"19"
=080  \\$a929 Ballard, J. G.
=100  1\$aBallard, J. G.$d1930-2009$0XX1721261$1http://viaf.org/viaf/9842556$4http://rdaregistry.info/Elements/w/object/P10061
=240  10$aMiracles of life$lEspañol
=245  10$aMilagros de vida$h[Texto impreso]$cJ.G. Ballard ; traducción de Ignacio Gómez Calvo
=246  0\$iSubtítulo de la cubierta$aUna autobiografía
=250  \\$a1ª ed. en Debolsillo
=260  \\$a[Barcelona]$bDebolsillo$c2010
=300  \\$a235 p.$bil.$c19 cm
=490  1\$aBiografía$v237
=594  \\$aTítulo original: Miracles of life
=600  17$aBallard, J. G.$d1930-2009$xBiografías$2embne
=830  \0$aBiografía (Nuevas Ediciones de Bolsillo)$v237

