=LDR  01169cam a2200349   4500
=001  a4545677
=003  SpMaBN
=005  20200515023805.6
=008  090610s2009\\\\sp\\\\\|\||||\000\f\spa\\
=015  \\$aMON0909
=017  \\$aB 21001-2009$bOficina Depósito Legal Barcelona
=020  \\$a978-84-8346-999-6
=035  \\$a(OCoLC)319499233
=040  \\$aSpMaBN$bspa$cSpMaBN$erdc
=041  1\$aspa$heng
=080  \\$a821.111-31"19"
=100  1\$aBallard, J. G.$d1930-2009$0XX1721261$1http://viaf.org/viaf/9842556$4http://rdaregistry.info/Elements/w/object/P10061
=240  14$aThe drought$lEspañol
=245  13$aLa sequía$h[Texto impreso]$c[J.G. Ballard] ; traducción de Luis Domènech
=250  \\$a1ª ed.
=260  \\$a[Barcelona]$bDebolsillo$c2009
=300  \\$a251 p.$c19 cm
=490  1\$aBestseller$v758/3
=490  1\$aBiblioteca J.G. Ballard$v3
=594  \\$aTraducción de: The drought
=800  1\$aBallard, J. G.$d1930-2009$tBiblioteca J.G. Ballard (Debolsillo)$v3
=830  \0$aBestseller (Barcelona)$v758/3

