=LDR  01236cam a2200301   4500
=001  a4343386
=003  SpMaBN
=005  20210929030726.4
=008  080926s2008\\\\sp\a\\\|\||||o000\0\cat\\
=015  \\$aMON0903
=017  \\$aS 1013-2008$bOficina Depósito Legal Salamanca
=020  \\$a978-84-9803-291-8
=035  \\$a(OCoLC)434012575
=040  \\$aSpMaBN$bspa$cSpMaBN$erdc
=041  0\$acat$aeng$aspa
=080  \\$a7 Ballard, J. G. (060.64)
=100  1\$aBallard, J. G.$d1930-2009$0XX1721261$1http://viaf.org/viaf/9842556$4http://rdaregistry.info/Elements/w/object/P10061
=245  10$aAutòpsia del nou mil·lenni$h[Texto impreso] :$b[Centre de Cultura Contemporània de Barcelona on es presenta entre el 22 de juliol i el 2 de novembre de 2008]$cJ.G. Ballard
=260  \\$a[Barcelona]$bCentre de Cultura Contemporània de Barcelona$bXarxa de Municipis$c[2008]
=300  \\$a208 p.$bil. col. y n., mapa, plano$c24 cm
=546  \\$aTextos en catalán, inglés y español
=600  17$aBallard, J. G.$d1930-2009$vExposiciones$2embne
=710  2\$aCentre de Cultura Contemporània de Barcelona

