=LDR  01315cam a2200373   4500
=001  a4342002
=003  SpMaBN
=005  20200515023443.6
=008  080924s2008\\\\sp\\\\\|\||||\000\f\spa\\
=015  \\$aMON0812
=017  \\$aB 31436-2008$bOficina Depósito Legal Barcelona
=020  \\$a978-84-8346-814-2
=035  \\$a(OCoLC)434006000
=040  \\$aSpMaBN$bspa$cSpMaBN$erdc
=041  1\$aspa$heng
=080  \\$a821.111-31"19"
=100  1\$aBallard, J. G.$d1930-2009$0XX1721261$1http://viaf.org/viaf/9842556$4http://rdaregistry.info/Elements/w/object/P10061
=240  10$aEmpire of the sun$lEspañol$1http://viaf.org/viaf/180997771
=245  13$aEl imperio del sol$h[Texto impreso]$c[J.G. Ballard] ; traducción de Carlos Peralta
=250  \\$a1ª ed.
=260  \\$a[Barcelona]$bDebolsillo$c2008
=300  \\$a363 p.$c19 cm
=490  1\$aBest seller$v758/1
=490  1\$aBiblioteca J.G. Ballard$v1
=594  \\$aTraducción de: Empire of the sun
=800  1\$aBallard, J. G.$d1930-2009$tBiblioteca J.G. Ballard (Debolsillo)
=830  \0$aBestseller (Barcelona)$v758/1

