=LDR  00947cam a2200301   4500
=001  a4341469
=003  SpMaBN
=005  20200515023442.6
=008  080923s2008\\\\sp\\\\\|\||||\000\f\spa\\
=015  \\$aMON0812
=017  \\$aB 27854-2008$bOficina Depósito Legal Barcelona
=020  \\$a978-84-450-7709-2
=035  \\$a(OCoLC)433999434
=040  \\$aSpMaBN$bspa$cSpMaBN$erdc
=041  1\$aspa$heng
=080  \\$a821.111-31"19"
=100  1\$aBallard, J. G.$d1930-2009$0XX1721261$1http://viaf.org/viaf/9842556$4http://rdaregistry.info/Elements/w/object/P10061
=240  10$aCrash$lEspañol
=240  10$aCrash$1http://viaf.org/viaf/305922109
=245  10$aCrash$h[Texto impreso]$cJ.G. Ballard ; [traducción de Francisco Abelenda]
=250  \\$a1ª ed.
=260  \\$aBarcelona$bMinotauro$c2008
=300  \\$a215 p.$c23 cm
=594  \\$aTraducción de: Crash

