=LDR  01014cam a2200301   4500
=001  a4329639
=003  SpMaBN
=005  20200515023427.6
=008  080903s2008\\\\sp\\\\\|\||||\000\f\spa\\
=015  \\$aMON0812
=017  \\$aB 27856-2008$bOficina Depósito Legal Barcelona
=020  \\$a978-84-450-7713-9$z978-84-450-7724-9
=035  \\$a(OCoLC)433915930
=040  \\$aSpMaBN$bspa$cSpMaBN$erdc
=041  1\$aspa$heng
=080  \\$a821.111-31"19"
=100  1\$aBallard, J. G.$d1930-2009$0XX1721261$1http://viaf.org/viaf/9842556$4http://rdaregistry.info/Elements/w/object/P10061
=240  10$aDrowned world$lEspañol
=245  13$aEl mundo sumergido$h[Texto impreso]$cJ.G. Ballard ; [traducción de Francisco Abelenda]
=250  \\$a1ª ed. en esta colección
=260  \\$aBarcelona$bMinotauro$c2008
=300  \\$a187 p.$c23 cm
=594  \\$aTraducción de: Drowned world

