=LDR  01153cam a2200337   4500
=001  a4288328
=003  SpMaBN
=005  20200515023335.6
=008  080624s2008\\\\sp\\\\\|\||||\000\f\spa\\
=015  \\$aMON0810
=017  \\$aB 5559-2008$bOficina Depósito Legal Barcelona
=020  \\$a978-84-450-7688-0
=035  \\$a(OCoLC)433940095
=040  \\$aSpMaBN$bspa$cSpMaBN$erdc
=041  1\$aspa$heng
=080  \\$a821.111-31"19"
=100  1\$aBallard, J. G.$d1930-2009$0XX1721261$1http://viaf.org/viaf/9842556$4http://rdaregistry.info/Elements/w/object/P10061
=240  10$aDrowned world$lEspañol
=245  13$aEl mundo sumergido$h[Texto impreso]$cJ.G. Ballard ; traducción de Francisco Abelenda
=250  \\$a1ª ed. en esta presentación en Colección Booket
=260  \\$aBarcelona$bBooket$c2008
=300  \\$a221 p.$c19 cm
=490  1\$aCiencia ficción$v8026
=594  \\$aTraducción de: Drowned world
=596  \\$aEn la portada: Minotauro
=830  \0$aCiencia ficción (Booket (Editorial))$v8026

