=LDR  01130cam a2200337   4500
=001  a4283714
=003  SpMaBN
=005  20200515023330.6
=008  080618s2008\\\\sp\\\\\|\||||\000\f\spa\\
=015  \\$aMON0810
=017  \\$aB 9617-2008$bOficina Depósito Legal Barcelona
=020  \\$a978-84-450-7697-2
=035  \\$a(OCoLC)433921353
=040  \\$aSpMaBN$bspa$cSpMaBN$erdc
=041  1\$aspa$heng
=080  \\$a821.111-31"19"
=100  1\$aBallard, J. G.$d1930-2009$0XX1721261$1http://viaf.org/viaf/9842556$4http://rdaregistry.info/Elements/w/object/P10061
=240  10$aCocaine nights$lEspañol
=245  10$aNoches de cocaína$h[Texto impreso]$cJ.G. Ballard ; traducción de Silvia Komet y M. Figueroa
=250  \\$a1ª ed. en esta presentación en Colección Booket
=260  \\$aBarcelona$bBooket$c2008
=300  \\$a379 p.$c19 cm
=490  1\$aNovela$v2226
=594  \\$aTraducción de: Cocaine nights
=596  \\$a"Minotauro"
=830  \0$aNovela (Booket (Editorial))$v2226

