=LDR  01413nam a2200349   4500
=001  Mimo0002142599
=003  SpMaBN
=005  20210929030601.4
=008  061113s2006\\\\sp\|\\\\\\\\\\|||\||spa\\
=016  7\$abimoBNE20061066531$2SpMaBN
=017  \\$aNA 1282-2006$bOficina Depósito Legal Navarra
=020  \\$a84-674-2910-0
=035  \\$a(OCoLC)433949988
=040  \\$aSpMaBN$bspa$cSpMaBN$erdc
=041  1\$aspa$heng
=080  \\$a821.111-31"19"
=100  1\$aBallard, J. G.$d1930-2009$0XX1721261$1http://viaf.org/viaf/9842556$4http://rdaregistry.info/Elements/w/object/P10061
=240  10$aCrash$lEspañol
=240  10$aCrash$1http://viaf.org/viaf/305922109
=245  10$aCrash$h[Texto impreso]$cJ.G. Ballard ; [traducción, Francisco Abelenda]
=260  \\$aBarcelona$bPlaneta-De Agostini$c[2006]
=300  \\$a249 p.$c22 cm
=490  1\$aBiblioteca de ciencia ficción
=594  \\$aTraducción de: Crash
=830  \0$aBiblioteca de ciencia ficción (Barcelona)

