=LDR  02760nam a2200457   4500
=001  bimo0002109979
=003  SpMaBN
=005  20150204101200.4
=008  060608s2005\\\\sp\|\\\\\\\\\\|||\||spa\\
=016  7\$abimoBNE20060557849$2SpMaBN
=017  \\$aB 51728-2005$bOficina Depósito Legal Barcelona
=020  \\$a84-341-0180-7$z84-341-0180-0
=035  \\$a(OCoLC)433387674
=040  \\$aSpMaBN$bspa$cSpMaBN$erdc
=080  \\$a821.111(73)-34"19"(082.2)
=080  \\$a821.134.2-34"19"(082.2)
=245  01$a¡Castigados sin tele!$h[Texto impreso]
=260  \\$a[s.l.$bs.n.$c2006]$eSanta Perpètua de Mogoda (Barcelona)$fCayfosa-Quebecor
=300  \\$a3 v.$c19 cm
=440  \0$a50 años de televisión$v1-3
=505  0\$av. 1. Cuentos para que no veas la televisión / [cuentos de Andreu Buenafuente ... et al. ; prólogo de Juan_Cruz] v. 2. Más cuentos para que sigas sin ver la televisión / [cuentos de J.G. Ballard ... et al. ; prólogo de Javier Calvo] v. 3. La televisión, definitivamente, es un cuento / [textos de Pierre Bourdieu ... et al. ; prólogo de Juan Cueto]
=594  \\$aEn la cub.: Fnac
=650  \7$aCuentos españoles$yS.XX$2embne
=650  \7$aCuentos norteamericanos$yS.XX$2embne
=700  1\$aBallard, J. G.$d1930-2009
=700  1\$aBourdieu, Pierre$d1930-2002
=700  1\$aBuenafuente, Andreu$d1965-

