=LDR  01458nam a2200373   4500
=001  bimo0002023740
=003  SpMaBN
=005  20200515020605.6
=008  050517s2005\\\\sp\|\\\\\\\\\\|||\||spa\\
=016  7\$abimoBNE20050295994$2SpMaBN
=017  \\$aB 8309-2005$bOficina Depósito Legal Barcelona
=020  \\$a84-450-7558-6
=035  \\$a(OCoLC)59354404
=040  \\$aSpMaBN$bspa$cSpMaBN$erdc
=041  1\$aspa$heng
=080  \\$a821.111-31"19"
=100  1\$aBallard, J. G.$d1930-2009$0XX1721261$1http://viaf.org/viaf/9842556$4http://rdaregistry.info/Elements/w/object/P10061
=240  10$aRunning Wild$1http://viaf.org/viaf/481153289950332770009
=245  10$aFuria feroz$h[Texto impreso]$cJ.G. Ballard ; [traducción de Marcial Souto]
=250  \\$a1ª ed. en Colección Booket
=260  \\$aBarcelona$bBooket$c2005
=300  \\$a140 p.$c18 cm
=490  1\$aNovela$v2181
=594  \\$aTraducción de: Running wild
=596  \\$a"Minotauro"
=830  \0$aNovela (Booket (Editorial))$v2181

