=LDR  02045nam a2200445   4500
=001  bimo0001912235
=003  SpMaBN
=005  20200515020306.6
=008  040121s2003\\\\sp\|\\\\\\\\\\|||\||spa\\
=016  7\$abimoBNE20040047517$2SpMaBN
=017  \\$aB 35728-2003$bOficina Depósito Legal Barcelona
=020  \\$a84-450-7476-8
=035  \\$a(OCoLC)433425609
=040  \\$aSpMaBN$bspa$cSpMaBN$erdc
=041  1\$aspa$heng
=080  \\$a821.111-31"19"
=100  1\$aBallard, J. G.$d1930-2009$0XX1721261$1http://viaf.org/viaf/9842556$4http://rdaregistry.info/Elements/w/object/P10061
=240  14$aThe day of creation$lEspañol
=245  13$aEl día de la creación$h[Texto impreso]$cJ.G. Ballard ; [traducción de Carlos Peralta]
=250  \\$a1ª ed. en esta colección
=260  \\$aBarcelona$bBooket$c2003
=300  \\$a332 p.$c18 cm
=490  1\$aAutores$v16
=590  \\$aEn la portada: Minotauro
=594  \\$aTraducción de: The day of creation
=830  \0$aAutores (Booket (Editorial))$v16

