=LDR  01441nam a2200373   4500
=001  bimo0001868096
=003  SpMaBN
=005  20200515020201.6
=008  030716s2003\\\\sp\|\\\\\\\\\\|||\||spa\\
=016  7\$abimoBNE20030600781$2SpMaBN
=017  \\$aB 9618-2003$bOficina Depósito Legal Barcelona
=020  \\$a84-450-7457-1
=035  \\$a(OCoLC)433044517
=040  \\$aSpMaBN$bspa$cSpMaBN$erdc
=041  1\$aspa$heng
=080  \\$a821.111-31"19"
=100  1\$aBallard, J. G.$d1930-2009$0XX1721261$1http://viaf.org/viaf/9842556$4http://rdaregistry.info/Elements/w/object/P10061
=240  10$aHigh-rise$lEspañol
=245  10$aRascacielos$h[Texto impreso]$cJ.G. Ballard ; [traducción de Manuel Figueroa]
=250  \\$a1ª ed.
=260  \\$aBarcelona$bBooket$c2003
=300  \\$a244 p.$c18 cm
=490  1\$aAutores$v7
=590  \\$aEn la portada: Minotauro
=594  \\$aTraducción de: High-rise
=830  \0$aAutores (Booket (Editorial))$v7

