=LDR  01472nam a2200373   4500
=001  bimo0001866595
=003  SpMaBN
=005  20200515020159.6
=008  030710s2003\\\\sp\|\\\\\\\\\\|||\||spa\\
=016  7\$abimoBNE20030585457$2SpMaBN
=017  \\$aB 16651-2003$bOficina Depósito Legal Barcelona
=020  \\$a84-450-7460-1
=035  \\$a(OCoLC)52268019
=040  \\$aSpMaBN$bspa$cSpMaBN$erdc
=041  1\$aspa$heng
=080  \\$a821.111-31"19"
=100  1\$aBallard, J. G.$d1930-2009$0XX1721261$1http://viaf.org/viaf/9842556$4http://rdaregistry.info/Elements/w/object/P10061
=240  10$aCocaine nights$lEspañol
=245  10$aNoches de cocaína$h[Texto impreso]$cJ.G. Ballard ; [traducción de Silvia Komet y M. Figueroa]
=250  \\$a1ª ed.
=260  \\$aBarcelona$bBooket$c2003
=300  \\$a378 p.$c18 cm
=490  1\$aAutores$v8
=590  \\$aEn la portada: Minotauro
=594  \\$aTraducción de: Cocaine nights
=830  \0$aAutores (Booket (Editorial))$v8

