=LDR  01466nam a2200361   4500
=001  Mimo0001817151
=003  SpMaBN
=005  20200515022745.6
=008  021024s2002\\\\sp\|\\\\\\\\\\|||\||spa\\
=016  7\$abimoBNE20020753993$2SpMaBN
=017  \\$aB 24095-2002$bOficina Depósito Legal Barcelona
=020  \\$a84-450-7351-6
=035  \\$a(OCoLC)50692723
=040  \\$aSpMaBN$bspa$cSpMaBN$erdc
=041  1\$aspa$heng
=080  \\$a821.111-31"19"
=100  1\$aBallard, J. G.$d1930-2009$0XX1721261$1http://viaf.org/viaf/9842556$4http://rdaregistry.info/Elements/w/object/P10061
=240  10$aSuper-Cannes$lEspañol
=245  10$aSuper-Cannes$h[Texto impreso]$cJ.G. Ballard ; [traducción de Octavio di Leo]
=250  \\$a1ª ed.
=260  \\$aBarcelona$bMinotauro$c2002
=300  \\$a382 p.$c24 cm
=490  1\$a[Biblioteca J.G. Ballard]
=594  \\$aTraducción de: Super-Cannes
=800  1\$aBallard, J. G.$d1930-2009$tBiblioteca J.G. Ballard

