=LDR  01474nam a2200361   4500
=001  bimo0001830150
=003  SpMaBN
=005  20200515020100.6
=008  030123s2002\\\\sp\|\\\\\\\\\\|||\||spa\\
=016  7\$abimoBNE20030026514$2SpMaBN
=017  \\$aB 43100-2002$bOficina Depósito Legal Barcelona
=020  \\$a84-450-7419-9
=035  \\$a(OCoLC)1004305731
=040  \\$aSpMaBN$bspa$cSpMaBN$erdc
=041  1\$aspa$heng
=080  \\$a821.111-31"19"
=100  1\$aBallard, J. G.$d1930-2009$0XX1721261$1http://viaf.org/viaf/9842556$4http://rdaregistry.info/Elements/w/object/P10061
=240  10$aMyths of the near future$lEspañol
=245  10$aMitos del futuro próximo$h[Texto impreso]$cJ.G. Ballard ; [traducción de Marcial Souto]
=250  \\$a1ª ed. en esta colección
=260  \\$aBarcelona$bMinotauro$c2002
=300  \\$a233 p.$c18 cm
=490  1\$aAutores
=594  \\$aTraducción de: Myths of the near future
=830  \0$aAutores (Barcelona)

