=LDR  01999nam a2200433   4500
=001  bimo0001814178
=003  SpMaBN
=005  20200515020034.6
=008  021015s2002\\\\sp\|\\\\\\\\\\|||\||spa\\
=016  7\$abimoBNE20020723833$2SpMaBN
=017  \\$aB 22935-2002$bOficina Depósito Legal Barcelona
=020  \\$a84-450-7041-X
=035  \\$a(OCoLC)433345448
=040  \\$aSpMaBN$bspa$cSpMaBN$erdc
=041  1\$aspa$heng
=080  \\$a821.111-31"19"
=100  1\$aBallard, J. G.$d1930-2009$0XX1721261$1http://viaf.org/viaf/9842556$4http://rdaregistry.info/Elements/w/object/P10061
=240  10$aConcrete island$lEspañol
=245  13$aLa isla de cemento$h[Texto impreso]$cJ.G. Ballard ; [traducción de Manuel Figueroa]
=250  \\$a1ª ed.
=260  \\$aBarcelona$bMinotauro$c2002
=300  \\$a174 p.$c18 cm
=490  1\$aAutores
=594  \\$aTraducción de: Concrete island
=830  \0$aAutores (Barcelona)

