=LDR  01489nam a2200361   4500
=001  bimo0001810656
=003  SpMaBN
=005  20200515020028.6
=008  021002s2002\\\\sp\|\\\\\\\\\\|||\||spa\\
=016  7\$abimoBNE20020687742$2SpMaBN
=017  \\$aB 22937-2002$bOficina Depósito Legal Barcelona
=020  \\$a84-450-7008-8
=035  \\$a(OCoLC)433320122
=040  \\$aSpMaBN$bspa$cSpMaBN$erdc
=041  1\$aspa$heng
=080  \\$a821.111-31"19"
=100  1\$aBallard, J. G.$d1930-2009$0XX1721261$1http://viaf.org/viaf/9842556$4http://rdaregistry.info/Elements/w/object/P10061
=240  14$aThe atrocity exhibition$lEspañol
=245  13$aLa exhibición de atrocidades$h[Texto impreso]$cJ.G. Ballard ; [traducción de Marcelo Cohen y Francisco Abelenda]
=250  \\$a1ª ed. en bolsillo
=260  \\$aBarcelona$bMinotauro$c2002
=300  \\$a176 p.$c18 cm
=490  1\$aAutores
=594  \\$aTraducción de: The atrocity exhibition
=830  \0$aAutores (Barcelona)

