=LDR  01358nam a2200337   4500
=001  bimo0001544524
=003  SpMaBN
=005  20200515015429.6
=008  000605s2000\\\\sp\|\\\\\\\\\\|||\||spa\\
=016  7\$abimoBNE20001262517$2SpMaBN
=017  \\$aB 4513-2000$bOficina Depósito Legal Barcelona
=020  \\$a84-450-7005-3
=035  \\$a(OCoLC)432768534
=040  \\$aSpMaBN$bspa$cSpMaBN$erdc
=041  1\$aspa$heng
=080  \\$a821.111-31"19"
=100  1\$aBallard, J. G.$d1930-2009$0XX1721261$1http://viaf.org/viaf/9842556$4http://rdaregistry.info/Elements/w/object/P10061
=240  14$aThe drought$lEspañol
=245  13$aLa sequía$h[Texto impreso]$cJ.G. Ballard ; [traducción de Luis Domènech]
=250  \\$a1ª ed. en bolsillo
=260  \\$aBarcelona$bMinotauro$c2000
=300  \\$a275 p.$c20 cm
=594  \\$aTraducción de: The drought

