=LDR  01334nam a2200337   4500
=001  bimo0001544252
=003  SpMaBN
=005  20200515015428.6
=008  000605r20001987sp\|\\\\\\\\\\|||\||spa\\
=016  7\$abimoBNE20001259759$2SpMaBN
=017  \\$aB 4512-2000$bOficina Depósito Legal Barcelona
=020  \\$a84-450-7332-X
=035  \\$a(OCoLC)432766751
=040  \\$aSpMaBN$bspa$cSpMaBN$erdc
=041  1\$aspa$heng
=080  \\$a821.111-34"19"
=100  1\$aBallard, J. G.$d1930-2009$0XX1721261$1http://viaf.org/viaf/9842556$4http://rdaregistry.info/Elements/w/object/P10061
=240  10$aTerminal beach$lEspañol
=245  10$aPlaya terminal$h[Texto impreso]$cJ.G. Ballard
=250  \\$a1ª ed. en bolsillo
=260  \\$aBarcelona$bMinotauro$c2000
=300  \\$a291 p.$c20 cm
=594  \\$aTraducción de: Terminal beach

