=LDR  01342nam a22003495  4500
=001  bimo0000456402
=003  SpMaBN
=005  20200515013231.6
=008  951027s1995\\\\sp\|\\\\\\\\\\|||\||spa\\
=016  7\$abimoBNE19950312028$2SpMaBN
=017  \\$aB 13979-1995$bOficina Depósito Legal Barcelona
=020  \\$a84-450-7231-5
=035  \\$a(OCoLC)431250774
=040  \\$aSpMaBN$bspa$cSpMaBN$erdc
=041  1\$aspa$heng
=080  \\$a820-31"19"
=100  1\$aBallard, J. G.$d1930-2009$0XX1721261$1http://viaf.org/viaf/9842556$4http://rdaregistry.info/Elements/w/object/P10061
=240  14$aThe disaster area$lEspañol
=245  10$aZona de catástrofe$h[Texto impreso]$cJ.G. Ballard ; [traducción de Marcial Souto ... et al.]
=250  \\$a1ª ed.
=260  \\$aBarcelona$bMinotauro$c1995
=300  \\$a207 p.$c21 cm
=594  \\$aTraducción de: The disaster area
=700  11$aSouto, Marcial

