=LDR  01250nam a22003255  4500
=001  bimo0000448508
=003  SpMaBN
=005  20200515013214.6
=008  950804s1995\\\\sp\|\\\\\\\\\\|||\||spa\\
=016  7\$abimoBNE19950230689$2SpMaBN
=017  \\$aB 8157-1995$bOficina Depósito Legal Barcelona
=020  \\$a84-7888-204-9
=035  \\$a(OCoLC)431181070
=040  \\$aSpMaBN$bspa$cSpMaBN$erdc
=041  1\$aspa$heng
=080  \\$a820-31"19"
=100  1\$aBallard, J. G.$d1930-2009$0XX1721261$1http://viaf.org/viaf/9842556$4http://rdaregistry.info/Elements/w/object/P10061
=240  10$aRushing to paradise$lEspañol
=245  10$aFuga al paraíso$h[Texto impreso]$cJ.G. Ballard
=260  \\$aBarcelona$bEmecé$cD.L. 1995
=300  \\$a299 p.$c22 cm
=594  \\$aTraducción de: Rushing to paradise

