=LDR  01293nam a22003495  4500
=001  bimo0000429166
=003  SpMaBN
=005  20200515013130.6
=008  950126s1994\\\\sp\|\\\\\\\\\\|||\||spa\\
=016  7\$abimoBNE19950025681$2SpMaBN
=017  \\$aB 27091-1994$bOficina Depósito Legal Barcelona
=020  \\$a84-450-7100-9
=035  \\$a(OCoLC)53828793
=040  \\$aSpMaBN$bspa$cSpMaBN$erdc
=041  1\$aspa$heng
=080  \\$a820-31"19"
=100  1\$aBallard, J. G.$d1930-2009$0XX1721261$1http://viaf.org/viaf/9842556$4http://rdaregistry.info/Elements/w/object/P10061
=240  10$aLow-flying aircraft$lEspañol
=245  10$aAparato de vuelo rasante$h[Texto impreso]$cJ.G. Ballard ; [traducción de Marcial Souto]
=250  \\$a1ª ed.
=260  \\$aBarcelona$bMinotauro$c1994
=300  \\$a217 p.$c21 cm
=594  \\$aTraducción de: Low-flying aircraft
=700  1\$aSouto, Marcial

