=LDR  01433nam a22003735  4500
=001  bimo0000401948
=003  SpMaBN
=005  20200515013033.6
=008  940427s1994\\\\sp\|\\\\\\\\\||||\||spa\\
=016  7\$abimoBNE19940121622$2SpMaBN
=017  \\$aB 1116-1994$bOficina Depósito Legal Barcelona
=020  \\$a84-450-7147-5
=035  \\$a(OCoLC)76966011
=040  \\$aSpMaBN$bspa$cSpMaBN$erdc
=041  1\$aspa$heng
=080  \\$a820-32"19"
=100  1\$aBallard, J. G.$d1930-2009$0XX1721261$1http://viaf.org/viaf/9842556$4http://rdaregistry.info/Elements/w/object/P10061
=240  14$aThe day of forever$lEspañol
=245  13$aEl día eterno$h[Texto impreso]$cJ. G. Ballard ; [traducción, Aurora Bernárdez, Carlos Gardini y Marcial Souto]
=250  \\$a1ª ed.
=260  \\$aBarcelona$bMinotauro$c1994
=300  \\$a171 p.$c21 cm
=594  \\$aTraducción de: The day of forever
=700  1\$aBernárdez, Aurora$d1920-2014
=700  1\$aGardini, Carlos$d1948-
=700  1\$aSouto, Marcial

