=LDR  01321nam a22003495  4500
=001  bimo0000404681
=003  SpMaBN
=005  20200515013039.6
=008  940526s1993\\\\sp\|\\\\\\\\\||||\||spa\\
=016  7\$abimoBNE19940149756$2SpMaBN
=017  \\$aB 7404-1993$bOficina Depósito Legal Barcelona
=020  \\$a84-7888-106-9
=035  \\$a(OCoLC)434133554
=040  \\$aSpMaBN$bspa$cSpMaBN$erdc
=041  1\$aspa$heng
=080  \\$a820-31"19"
=100  1\$aBallard, J. G.$d1930-2009$0XX1721261$1http://viaf.org/viaf/9842556$4http://rdaregistry.info/Elements/w/object/P10061
=240  14$aThe kindness of women$lEspañol
=245  13$aLa bondad de las mujeres$h[Texto impreso]$cJames G. Ballard ; [traducción, Luís Murillo]
=260  \\$aBarcelona$bEmecé$cD.L. 1993
=300  \\$a352 p.$c21 cm
=440  \3$aEl libro de arena$v9
=594  \\$aTraducción de: The kidness of women
=700  1\$aMurillo Fort, Luis$d1951-

