=LDR  01248nam a2200337 i 4500
=001  bimo0000338476
=003  SpMaBN
=005  20200515012828.6
=008  921211s1991\\\\sp\\\\\\\\\\\||||\||spa\d
=016  7\$abimoBNE19930650450$zCEN920162532$2SpMaBN
=017  \\$aB 12384-1991$bOficina Depósito Legal Barcelona
=020  \\$a84-450-7098-3
=035  \\$a(OCoLC)435357424
=040  \\$aSpMaBN$bspa$cCEN
=041  1\$aspa$heng
=080  \\$a820-31"19"
=100  1\$aBallard, J. G.$d1930-2009$0XX1721261$1http://viaf.org/viaf/9842556$4http://rdaregistry.info/Elements/w/object/P10061
=245  13$aEl mundo de cristal$h[Texto impreso]$cJ. G. Ballard ; [traducción de Marcial Souto]
=250  \\$a[1ª ed. ]
=260  \\$aBarcelona$bMinotauro$c1991
=300  \\$a189 p.$c21 cm
=500  \\$aTraducción de : The crystal world
=700  1\$aSonto, Marcial

