=LDR  01263nam a2200337 i 4500
=001  bimo0000340313
=003  SpMaBN
=005  20200515012833.6
=008  921228s1990\\\\sp\\\\\\\\\\\||||\||spa\d
=016  7\$abimoBNE19930669528$zCEN920182776$2SpMaBN
=017  \\$aB 26824-1990$bOficina Depósito Legal Barcelona
=020  \\$a84-450-7088-6
=035  \\$a(OCoLC)427459821
=040  \\$aSpMaBN$bspa$cCEN
=041  1\$aspa$heng
=080  \\$a820-34"19"
=100  1\$aBallard, J. G.$d1930-2009$0XX1721261$1http://viaf.org/viaf/9842556$4http://rdaregistry.info/Elements/w/object/P10061
=245  10$aMitos del futuro próximo$h[Texto impreso]$cJ. G. Ballard ; [traducción de Marcial Souto]
=250  \\$a[1ª ed. ]
=260  \\$aBarcelona$bMinotauro$c1990
=300  \\$a233 p.$c21 cm
=500  \\$aTraducción de : Myths of the Near Future
=700  1\$aSouto, Marcial

