=LDR  01301nam a2200349 i 4500
=001  bimo0000327002
=003  SpMaBN
=005  20210929025016.4
=008  920916s1989\\\\sp\\\\\\\\\\\\\\|\|\spa\d
=016  7\$abimoBNE19930531762$zCEN920032710$2SpMaBN
=017  \\$aB 25729-1989$bOficina Depósito Legal Barcelona
=020  \\$a84-450-7091-6
=035  \\$a(OCoLC)435192569
=040  \\$aSpMaBN$bspa$cCEN
=041  1\$aspa$heng
=080  \\$a820-31"19"
=100  1\$aBallard, J. G.$d1930-2009$0XX1721261$1http://viaf.org/viaf/9842556$4http://rdaregistry.info/Elements/w/object/P10061
=240  14$aThe day of creation$lEspañol
=245  13$aEl día de la creación$h[Texto impreso]$cJ. G. Ballard ; [traducción de Carlos Peralta]
=250  \\$a[1ª ed.]
=260  \\$aBarcelona$bMinotauro$c1989
=300  \\$a332 p.$c21 cm
=500  \\$aTraducción de : The Day of Creation
=700  1\$aPeralta, Carlos

