=LDR  01312nam a22003495  4500
=001  bimo0000096631
=003  SpMaBN
=005  20200515011619.6
=008  910730s1989\\\\sp\\\\\\\\\\\\\\\\\\cat\\
=016  7\$abimoBNE19911003802$2SpMaBN
=017  \\$aB 31834-1989$bOficina Depósito Legal Barcelona
=020  \\$a84-7306-343-0
=035  \\$a(OCoLC)434563801
=040  \\$aSpMaBN$bspa$cSpMaBN$erdc
=041  1\$acat$heng
=080  \\$a820-31"19"
=100  1\$aBallard, J. G.$d1930-2009$0XX1721261$1http://viaf.org/viaf/9842556$4http://rdaregistry.info/Elements/w/object/P10061
=245  12$aL'illa de ciment$h[Texto impreso]$cJ.G. Ballard ; traducció de l'anglès per Jordi Boixadós ; pròleg de Josep Ramoneda
=250  \\$a[1ª ed.]
=260  \\$aBarcelona$bPòrtic$c1989
=300  \\$a178 p.$c22 cm
=440  \3$aEl brot$v63
=594  \\$aTraducción de: Concrete island
=700  1\$aBoixadós, Jordi$d1958-

