=LDR  02609ngm a2200493 c 4500
=001  a6295576
=003  SpMaBN
=005  20200418003215.7
=007  vd*csaizz
=008  180814s1987\\\\sp\152\g\\\\\\\\\\vlmul\\
=035  \\$a(OCoLC)1050729896
=040  \\$aSpMaBN$bspa$cSpMaBN$erdc
=041  1\$aspa$aeng$afre$ager$aita$apor$jmul$heng
=084  \\$a1$2VD
=130  10$aEmpire of the sun$1http://viaf.org/viaf/293611582
=245  10$aEmpire of the Sun$cdirected by Steven Spielberg ; produced by Steven Spielberg, Kathleen Kennedy, Frank Marshall ; screenplay by Tom Stoppard ; director of photography, Allen Daviau ; music by John Williams
=250  \\$aEd. para venta y o alquiler
=260  \\$a[Madrid]$bWarner Bros Pictures$ccop. 1987$e1 estuche de metal
=300  \\$a1 Blu-ray (ca. 152 min)$bson., col.
=336  \\$aImagen (en movimiento ; bidimensional)$2isbdcontent
=337  \\$avídeo$2isbdmedia
=336  \\$atodimensjonalt levende bilde$2rdacontent$0http://rdaregistry.info/termList/RDAContentType/1023
=337  \\$avideo$2rdamedia$0http://rdaregistry.info/termList/RDAMediaType/1008
=338  \\$avideoplate$2rdacarrier$0http://rdaregistry.info/termList/RDACarrierType/1060
=380  \\$afilmverk$0https://schema.nb.no/Bibliographic/Values/V1002
=500  \\$aBasada en la novela de J.G. Ballard
=500  \\$aIncluye contenido extra
=511  1\$aChristian Bale, John Malkovich, Miranda Richardson, Nigel Havers
=518  \\$aLargometraje realizado en 1987 en Estados Unidos
=520  3\$aCuando, en diciembre de 1941, el ejército japonés ocupa Shanghai, la privilegiada vida de James Graham, un niño inglés de clase alta, toca a su fin. Es separado de sus padres y confinado en un campo de concentración próximo a un aeropuerto militar chino
=521  1\$aAutorizada para todos los públicos
=546  \\$aVersiones en español, inglés, francés, alemán, italiano y portugués, con subtítulos opcionales en inglés para sordos, alemán, español, francés, italiano, holandés, portugués, chino, suomi, suenska, danés y noruego
=586  \\$aEntre otros premios: BAFTA Awards (1989), ASC Award (1988), Kansas City Film Critics Circle Awards (1987)
=655  \7$aCine histórico $2tgfbne
=655  \7$aDramas cinematográficos$2tgfbne
=700  1\$aBallard, J. G.$d1930-2009$eidea original$4ccp
=700  1\$aDaviau, Allen$d1942-2020$edirector de fotografía$4cng
=700  1\$aKennedy, Kathleen$d1953-$eproductor$4pro
=700  1\$aMarshall, Frank$d1946-$eproductor$4pro
=700  1\$aSpielberg, Steven$d1946-$edirector de cine$eproductor$4fmd $4pro
=700  1\$aStoppard, Tom$d1937-$eguionista$4aus
=700  1\$aWilliams, John$d1932-$ecompositor$4cmp
=711  2\$aASC Award$n3º$d1988
=711  2\$aBAFTA Awards$d1989$cGran Bretaña
=711  2\$aKansas City Film Critics Circle Awards$n21º$d1987

