=LDR  01328nam a2200337 i 4500
=001  bimo0000041663
=003  SpMaBN
=005  20200515011339.6
=008  890403s1987\\\\sp\\\\\\\\\\\\\\\\\\spa\\
=015  \\$a1989-ABR-9271
=016  7\$abimoBNE19910421940$zSAB9000046391$2SpMaBN
=017  \\$aB 22803-1987$bOficina Depósito Legal Barcelona
=020  \\$a84-450-7066-5
=035  \\$a(OCoLC)435038884
=040  \\$aSpMaBN$bspa$cSpMaBN$erdc
=080  \\$a820-34"19"
=100  1\$aBallard, J. G.$d1930-2009$0XX1721261$1http://viaf.org/viaf/9842556$4http://rdaregistry.info/Elements/w/object/P10061
=240  10$aTerminal beach$lEspañol
=245  10$aPlaya terminal$h[Texto impreso]$cJ.G. Ballard
=250  \\$a[1ª ed.]
=260  \\$aBarcelona$bMinotauro$c1987
=300  \\$a291 p.$c21 cm
=500  \\$aTraducción de: The terminal beach

