=LDR  02472nam a2200505 i 4500
=001  bimo0000026675
=003  SpMaBN
=005  20200515011245.6
=008  881010s1987\\\\sp\\\\\\\\\\\\\\\\\\cat\\
=015  \\$a1988-NOV-21300
=016  7\$abimoBNE19910269489$zSAB9000029857$2SpMaBN
=017  \\$aB 9000-1987$bOficina Depósito Legal Barcelona
=020  \\$a84-297-2577-6
=035  \\$a(OCoLC)434864715
=040  \\$aSpMaBN$bspa$cSpMaBN$erdc
=080  \\$a820-31"19"
=100  1\$aBallard, J. G.$d1930-2009$0XX1721261$1http://viaf.org/viaf/9842556$4http://rdaregistry.info/Elements/w/object/P10061
=240  10$aEmpire of the sun$lCatalán$1http://viaf.org/viaf/180997771
=245  12$aL'imperi del sol$h[Texto impreso]$cJ.G. Ballard ; traducciÓ de Carles Boluda i Torrella
=250  \\$a[1ª ed.]
=260  \\$aBarcelona$bEdicions 62$c1987
=300  \\$a269 p.$c20 cm
=440  \3$aEl balancí$v192
=500  \\$aTraducción de: Empire of the sun
=700  1\$aBoluda i Torrella, Carles

