=LDR  01419nam a2200361 i 4500
=001  bimo0000023625
=003  SpMaBN
=005  20200515011233.6
=008  880728s1987\\\\sp\\\\\\\\\\\\\\\\\\cat\\
=015  \\$a1988-OCT-18110
=016  7\$abimoBNE19910238632$zSAB9000026574$2SpMaBN
=017  \\$aB 2064-1987$bOficina Depósito Legal Barcelona
=020  \\$a84-85752-26-0
=035  \\$a(OCoLC)434844095
=040  \\$aSpMaBN$bspa$cSpMaBN$erdc
=080  \\$a820-32"19"
=100  1\$aBallard, J. G.$d1930-2009$0XX1721261$1http://viaf.org/viaf/9842556$4http://rdaregistry.info/Elements/w/object/P10061
=240  10$aVermilion sands$lCatalán
=245  10$aSorres rogenques$h[Texto impreso]$cJ.G. Ballard ; traducció de Laura Santamaria
=250  \\$a[1ª ed.]
=260  \\$alella$bPleniluni$c1987
=300  \\$a201 p.$c18 cm
=440  \0$a2001$v12
=500  \\$aTraducción de: The vermilion sands
=700  1\$aSantamaria, Laura

