=LDR  01244nam a2200337   4500
=001  bimo0000193629
=003  SpMaBN
=005  20200515012147.6
=008  871001s1986\\\\sp\\\\\\\\\\\\000\\\spa\\
=016  7\$abimoBNE19921080447$zIBH8705212355$2SpMaBN
=017  \\$aB 10353-1986$bOficina Depósito Legal Barcelona
=020  \\$a84-450-7055-X
=035  \\$a(OCoLC)433995503
=040  \\$aIBH$bspa$cSpMaBN$erdc
=041  1\$aspa$heng
=080  \\$a820-31"19"
=100  1\$aBallard, J. G.$d1930-2009$0XX1721261$1http://viaf.org/viaf/9842556$4http://rdaregistry.info/Elements/w/object/P10061
=245  10$aHola América$h[Texto impreso]$cJ.G. Ballard ; [traducción de Carlos Peralta]
=250  \\$a1ª ed.
=260  \\$aBarcelona$bMinotauro$c1986
=300  \\$a258 p.$c21 cm
=500  \\$aTraducción de: Hello América
=700  1\$aPeralta, Carlos

