=LDR  01757nam a2200385 i 4500
=001  bimo0000013497
=003  SpMaBN
=005  20121126091907.2
=008  880329s1986\\\\sp\\\\\\\\\\\\\\\\\\spa\\
=015  \\$a1988-JUN-10290
=016  7\$abimoBNE19910136404$zSAB9000015758$2SpMaBN
=017  \\$aB 21450-1986$bOficina Depósito Legal Barcelona
=020  \\$a84-7634-664-6
=035  \\$a(OCoLC)434817728
=040  \\$aSpMaBN$bspa$cSpMaBN$erdc
=080  \\$a820-32"19"
=130  0\$aInner landscape$lEspañol
=245  13$aEl paisaje interior$h[Texto impreso]$cMervyn Peake, J.G. Ballard, Brian W. Aldiss ; [traducción, Marta Muñiz Moreno]
=260  \\$aBarcelona$bOrbis$cD.L. 1986
=300  \\$a160 p.$c20 cm
=440  \0$aBiblioteca de ciencia ficción$v71
=500  \\$aTraducción de: The inner landscape
=505  0\$aNiño en tinieblas / Mervyn Peake. Las voces del tiempo / J.G. Ballard. Peligro, ¡Religión! / Brian W. Aldiss
=700  1\$aAldiss, Brian W.$d1925-$tDanger, Religion!$lEspañol
=700  1\$aBallard, J. G.$d1930-2009$tThe voices of time$lEspañol
=700  1\$aMuñiz Moreno, Marta
=700  1\$aPeake, Mervyn Laurence$d1911-1968$tBoy in darkness$lEspañol 

