=LDR  01091nam a2200313   4500
=001  bimo0000242829
=003  SpMaBN
=005  20200515012429.6
=008  850222s1984\\\\sp\\\\\\\\\\\\001\\\spa\\
=016  7\$abimoBNE19921636534$zIBH8405825910$2SpMaBN
=017  \\$aB 21839-1984$bOficina Depósito Legal Barcelona
=020  \\$a84-350-7041-7
=035  \\$a(OCoLC)434456384
=040  \\$aIBH$bspa$cSpMaBN$erdc
=041  1\$aspa
=080  \\$a820-31"19"
=100  1\$aBallard, J. G.$d1930-2009$0XX1721261$1http://viaf.org/viaf/9842556$4http://rdaregistry.info/Elements/w/object/P10061
=240  10$aConcrete island$lEspañol
=245  13$aLa isla de cemento$h[Texto impreso]$cJ.G. Ballard ; [traducción de Manuel Figueroa]
=250  \\$a1ª ed.
=260  \\$aBarcelona$bMinotauro$c1984
=300  \\$a174 p.$c21 cm
=700  1\$aFigueroa, Manuel$c(traductor)

