=LDR  01090nam a2200313   4500
=001  bimo0000240389
=003  SpMaBN
=005  20160217004803.4
=008  850128s1984\\\\sp\\\\\\\\\\\\000\\\spa\\
=016  7\$abimoBNE19921608263$zIBH8405822990$2SpMaBN
=017  \\$aB 13941-1984$bOficina Depósito Legal Barcelona
=020  \\$a84-350-0443-0
=035  \\$a(OCoLC)434438199
=040  \\$aIBH$bspa$cSpMaBN$erdc
=041  1\$aspa$heng
=080  \\$a820-31"19"
=100  1\$aBallard, J. G.$d1930-2009$0XX1721261$1http://viaf.org/viaf/9842556$4http://rdaregistry.info/Elements/w/object/P10061
=240  14$aThe drought$lEspañol
=245  13$aLa sequía$h[Texto impreso]$cJ.G. Ballard ; [traducción, Luis Domènech]
=250  \\$a1ª ed., 1ª reimp.
=260  \\$aBarcelona$bMinotauro$c1984
=300  \\$a276 p.$c19 cm
=700  1\$aDomènech, Luis$d1922-2014

