=LDR  01124nam a2200325   4500
=001  bimo0000162754
=003  SpMaBN
=005  20200515012006.6
=008  850801s1984\\\\sp\\\\\\\\\\\\000\\\spa\\
=016  7\$abimoBNE19920727602$zIBH8505910348$2SpMaBN
=017  \\$aB 36066-1984$bOficina Depósito Legal Barcelona
=020  \\$a84-350-0748-0
=035  \\$a(OCoLC)434643324
=040  \\$aIBH$bspa$cSpMaBN$erdc
=041  1\$aspa$heng
=080  \\$a820-31"19"
=100  1\$aBallard, J. G.$d1930-2009$0XX1721261$1http://viaf.org/viaf/9842556$4http://rdaregistry.info/Elements/w/object/P10061
=240  10$aEmpire of the sun$lEspañol$1http://viaf.org/viaf/180997771
=245  13$aEl imperio del sol$h[Texto impreso]$cJ.G. Ballard , [traducción, de Carlos Peralta]
=250  \\$a1ª ed.
=260  \\$aBarcelona$bEdhasa$c1984
=300  \\$a352 p.$c20 cm
=490  0\$aNarrativas contemporáneas
=700  1\$aPeralta, Carlos

