=LDR  01019nam a2200289   4500
=001  bimo0000219610
=003  SpMaBN
=005  20200515012313.6
=008  840120s1983\\\\sp\\\\\\\\\\\\000\\\spa\\
=016  7\$abimoBNE19921371855$zIBH8405718386$2SpMaBN
=017  \\$aB 38858-1982$bOficina Depósito Legal Barcelona
=020  \\$a84-350-0393-0
=035  \\$a(OCoLC)434296626
=040  \\$aIBH$bspa$cSpMaBN$erdc
=041  1\$aspa$heng
=080  \\$a820-31"19"
=100  1\$aBallard, J. G.$d1930-2009$0XX1721261$1http://viaf.org/viaf/9842556$4http://rdaregistry.info/Elements/w/object/P10061
=245  10$aRascacielos$h[Texto impreso]$cJ.G. Ballard ; [traductor, Manuel Figueroa]
=260  \\$aBarcelona$bMinotauro$c1983
=300  \\$a244 p.$c21 cm
=700  1\$aFigueroa, Manuel$c(traductor)

