=LDR  01228nam a22003371i 4500
=001  bimo0000640522
=003  SpMaBN
=005  20210929025231.4
=008  900725s1981\\\\sp\\\\\\\\\\\\\\\\\\spa\\
=016  7\$abimoBNE19971201712$zIND9100057259$2SpMaBN
=017  \\$aB 24372-1981$bOficina Depósito Legal Barcelona
=020  \\$a84-350-0322-1
=035  \\$a(OCoLC)432006268
=040  \\$aSpMaBN$bspa$cA2
=041  1\$aspa$heng
=080  \\$a820-32"19"
=100  1\$aBallard, J. G.$d1930-2009$0XX1721261$1http://viaf.org/viaf/9842556$4http://rdaregistry.info/Elements/w/object/P10061
=245  13$aLa exhibición de atrocidades$h[Texto impreso]$cJ.G. Ballard ; [traducción del inglés de Marcelo Cohen y F. Abelenda]
=260  \\$aBarcelona$bE.D.H.A.S.A.$cD.L. 1981
=300  \\$a177 p., 1 h.$c19 cm
=490  0\$aEdiciones Minotauro
=500  \\$aÍndice
=700  1\$aAbelenda, Francisco$d1922-2014
=700  1\$aCohen, Marcelo$d1951-

