=LDR  01429nam a2200349   4500
=001  bimo0000128456
=003  SpMaBN
=005  20200515011812.6
=008  810302s1980\\\\sp\\\\\\\\\\\0000\\\spa\\
=016  7\$abimoBNE19920159656$z05539192$2SpMaBN
=017  \\$aB 10453-1980$bOficina Depósito Legal Barcelona
=020  \\$a84-350-0245-4
=035  \\$a(OCoLC)432006251
=040  \\$aIBH$bspa$cSpMaBN$erdc
=041  1\$aspa$heng
=080  \\$a820-31"19"
=100  1\$aBallard, J. G.$d1930-2009$0XX1721261$1http://viaf.org/viaf/9842556$4http://rdaregistry.info/Elements/w/object/P10061
=240  10$aCrash$1http://viaf.org/viaf/305922109
=245  10$aCrash$h[Texto impreso]$c[por] J.G. Ballard ; [traducción del inglés, Francisco Abelenda]
=250  \\$a2ª ed.
=260  \\$aBarcelona$bMinotauro$c1980
=300  \\$a250 p., 1 h.$c19 cm
=700  1\$aAbelenda, Francisco$d1922-2014

