=LDR  01089nam a22003011i 4500
=001  bimo0000640520
=003  SpMaBN
=005  20200515013706.6
=008  900725s1980\\\\sp\\\\\\\\\\\\\\\\\\spa\\
=016  7\$abimoBNE19971201699$zIND9100057257$2SpMaBN
=017  \\$aB 10453-1980$bOficina Depósito Legal Barcelona
=020  \\$a84-350-0245-4$c300 pts.
=035  \\$a(OCoLC)432006251
=040  \\$aSpMaBN$bspa$cA2
=041  1\$aspa$heng
=080  \\$a820-31"19"
=100  1\$aBallard, J. G.$d1930-2009$0XX1721261$1http://viaf.org/viaf/9842556$4http://rdaregistry.info/Elements/w/object/P10061
=240  10$aCrash$1http://viaf.org/viaf/305922109
=245  10$aCrash$h[Texto impreso]$c[por] J.G. Ballard ; [traducción del inglés, Francisco Abelenda]
=250  \\$a2ª ed.
=260  \\$aBarcelona$bMinotauro$c1980
=300  \\$a250 p., 1 h.$c19 cm
=700  1\$aAbelenda, Francisco$d1922-2014

