=LDR  01130nam a22003131i 4500
=001  bimo0000640524
=003  SpMaBN
=005  20211008113405.6
=008  900725s1979\\\\sp\\\\\\\\\\\\\\\\\\spa\\
=016  7\$abimoBNE19971201734$zIND9100057261$2SpMaBN
=017  \\$aB 5406-1979$bOficina Depósito Legal Barcelona
=020  \\$a84-350-0238-1$c375 pts.
=035  \\$a(OCoLC)733435213
=040  \\$aSpMaBN$bspa$cA2
=041  1\$aspa$heng
=080  \\$a820-31"19"
=100  1\$aBallard, J. G.$d1930-2009$0XX1721261$1http://viaf.org/viaf/9842556$4http://rdaregistry.info/Elements/w/object/P10061
=240  14$aThe drought$lEspañol
=245  13$aLa sequía$h[Texto impreso]$c[por] J.G. Ballard ; [traducción del inglés de Luis Domènech]
=260  \\$aBarcelona$bMinotauro$cD.L. 1979
=300  \\$a276 p., 1 h.$c19 cm
=500  \\$aIndices
=700  1\$aDomènech, Luis$d1922-2014

