=LDR  01237nam a22003131i 4500
=001  bimo0000640519
=003  SpMaBN
=005  20200515013706.6
=008  900725s1979\\\\sp\\\\\\\\\\\\\\\\\\spa\\
=016  7\$abimoBNE19971201688$zIND9100057256$2SpMaBN
=017  \\$aB 20047-1979$bOficina Depósito Legal Barcelona
=020  \\$a84-350-0245-4$c300 pts.
=035  \\$a(OCoLC)432006235
=040  \\$aSpMaBN$bspa$cA2
=041  1\$aspa$heng
=080  \\$a820-3."19"
=100  1\$aBallard, J. G.$d1930-2009$0XX1721261$1http://viaf.org/viaf/9842556$4http://rdaregistry.info/Elements/w/object/P10061
=240  10$aCrash$1http://viaf.org/viaf/305922109
=245  10$aCrash$h[Texto impreso]$c[por] J.G. Ballard ; [traducción del inglés de Francisco Abelenda]
=260  \\$aBarcelona$bMinotauro$cD.L. 1979
=300  \\$a250 p., 1 h.$c19 cm
=700  1\$aAbelenda, Francisco$d1922-2014

