=LDR  02018njm a2200433 c 4500
=001  a7071363
=003  SpMaBN
=005  20220321130636.2
=007  sd*cmmcnnmplne
=008  220309s1966\\\\sp\ppn\\\\\\\\\\\\\\eng\\
=015  \\$aSON66
=017  \\$aM 3882-1966$bOficina Depósito Legal Madrid
=028  00$a460 959 TE$bFontana
=035  \\$a(OCoLC)1309357645
=040  \\$aSpMaBN$bspa$cSpMaBN$erda
=245  00$aTu me hiciste lo que soy hoy día =$bYou made me what I am today$cMitch Murray, Robin Conrad. Fue fácil buscarla = It was easier to hunt her / J. Ragavoy, B. Rusell. Tal como lo hice = I like I did / G. Ellis. Necesita amor = She needs love / Clint Ballard, Jr.
=246  31$aYou made me what I am today
=264  \1$a[Madrid]$bFontana,$c[1966]
=264  \2$a[Madrid]$bfabric. y distribuido por Fonogram, S.A.,$c[1966]
=300  \\$a1 disco sonoro$c18 cm
=336  \\$aMúsica interpretada$2rdacontent
=337  \\$aaudio$2rdamedia
=338  \\$adisco sonoro$2rdacarrier
=344  \\$aanalógico$c45 rpm$dmicrosurco$gmono
=500  \\$aCarpeta con publicidad de las grabaciones recientes de Fontana
=500  \\$aG. Ellis es un apodo de Wayne Fontana
=511  1\$aWayne Fontana con acompañamiento dirigido por Les Reed (cara A) -- Wayne Fontana con The Mindbenders (cara B)
=655  \7$aPop (Música)$2tgfbne
=700  1\$aBallard, Clint,$cJr.$d1931−2008$ecompositor$eletrista$4cmp $4lyr
=700  1\$aCallander, Peter$d1939-2014$ecompositor$eletrista$4cmp $4lyr
=700  1\$aFontana, Wayne$d1945-$ecompositor$eletrista$ecantante$4cmp $4lyr $4sng
=700  1\$aMurray, Mitch$d1940-$ecompositor$eletrista$4cmp $4lyr
=700  1\$aRagavoy, Jerry$d1930-2011$ecompositor$eletrista$4cmp $4lyr
=700  1\$aReed, Les$d1935-2019$edirector$4cnd
=700  1\$aRussell, Bertrand$d1872-1970$ecompositor$eletrista$4cmp $4lyr
=710  2\$aThe Mindbenders (Grupo musical)$eintérprete$4prf

