=LDR  01142nam a22003131i 4500
=001  bimo0000640523
=003  SpMaBN
=005  20211008113434.6
=008  900725s1977\\\\sp\\\\\\\\\\\\\\\\\\spa\\
=016  7\$abimoBNE19971201723$zIND9100057260$2SpMaBN
=017  \\$aB 28682-1977$bOficina Depósito Legal Barcelona
=020  \\$a84-350-0170-9$c160 pts.
=035  \\$a(OCoLC)432006282
=040  \\$aSpMaBN$bspa$cA2
=041  1\$aspa$heng
=080  \\$a820-31"19"
=100  1\$aBallard, J. G.$d1930-2009$0XX1721261$1http://viaf.org/viaf/9842556$4http://rdaregistry.info/Elements/w/object/P10061
=240  10$aDrowned world$lEspañol
=245  13$aEl mundo sumergido$h[Texto impreso]$c[por] J.G. Ballard ; [traducido del inglés por Francisco Abelenda]
=260  \\$aBarcelona$bEdhasa$cimp. 1977
=300  \\$a184 p., 2 h.$c19 cm
=490  0\$acolección Minotauro-Edhasa$v8
=500  \\$aIndice

