=LDR  00842nam a22002411  4500
=001  bimo0000762758
=003  SpMaBN
=005  20201231005254.5
=008  900725s1974\\\\fr\\\\\\\\\\\\\\\\\\fre\\
=016  7\$abimoBNE19972461058$zIND9100214473$2SpMaBN
=035  \\$a(OCoLC)431377644
=040  \\$aSpMaBN$bspa$cA2
=080  \\$a75 Dalí, Salvador(084)
=100  1\$aDalí, Salvador$d1904-1989$0XX895429
=245  10$aDalí$h[Texto impreso]$cAvec une introduction de J.G. Ballard... conçu et présenté par David Larkin
=260  \\$a[Paris]$bChêne$c[1974]
=300  \\$a7 h., 40 lám. col.$c30 cm
=700  1\$aBallard, J. G.$d1930-2009
=700  1\$aLarkin, David

