=LDR  01302nam a22003251  4500
=001  bimo0000762726
=003  SpMaBN
=005  20201231005254.5
=008  900725s1974\\\\sp\\\\\\\\\\\\\\\\\\spa\\
=016  7\$abimoBNE19972460721$zIND9100214440$2SpMaBN
=017  \\$aO 402-1973$bOficina Depósito Legal Asturias
=020  \\$a84-334-0107-6
=035  \\$a(OCoLC)431377497
=040  \\$aSpMaBN$bspa$cA2
=080  \\$a75 Dalí, Salvador(084)
=100  1\$aDalí, Salvador$d1904-1989$0XX895429
=245  10$aDalí$h[Texto impreso]$cintroducción de J.G. Ballard ; edición de David Larkin ; [traducción, Mariano Antolín]
=260  \\$a[Madrid]$bJúcar$c[1974]
=300  \\$a5 h., lám. col.$c30 cm
=700  1\$aAntolín Rato, Mariano$d1943-
=700  1\$aBallard, J. G.$d1930-2009
=700  1\$aLarkin, David

