=LDR  01080nam a22002771  4500
=001  bimo0000640521
=003  SpMaBN
=005  20200515013706.6
=008  900725s1966\\\\sp\\\\\\\\\\\\\\\\\\spa\\
=016  7\$abimoBNE19971201701$zIND9100057258$2SpMaBN
=017  \\$aB 37414-1966$bOficina Depósito Legal Barcelona
=035  \\$a(OCoLC)432006261
=040  \\$aSpMaBN$bspa$cA2
=080  \\$a82-312.9"19"
=100  1\$aBallard, J. G.$d1930-2009$0XX1721261$1http://viaf.org/viaf/9842556$4http://rdaregistry.info/Elements/w/object/P10061
=245  13$aEl huracán cósmico$h[Texto impreso]$cTraducción de Francisco Cazorla Olmo
=260  \\$aBarcelona [etc.]$bEdhasa$c1966
=300  \\$a238 p.$c17 cm
=490  0\$aColección "Nebulas"$vv. 125
=700  1\$aCazorla Olmo, Francisco

