=LDR  00553nam a2200205 a 4500
=001  010023395
=003  UkOxU
=005  19960507110746.0
=008  870910s1987\\\\enk\\\\\\\\\\\000\1\eng\d
=015  \\$aGB-8732026
=020  \\$a0575041528
=050  \0$aPR6052.A46
=082  \\$a823/.9/1$dF$218
=082  \\$a823/.914$dF$219
=092  \\$aD0000031735
=100  1\$aBallard, J. G.,$d1930-2009.$1http://viaf.org/viaf/9842556$4http://rdaregistry.info/Elements/w/object/P10061
=245  14$aThe day of creation /$cJ.G. Ballard
=260  \\$aLondon :$bGollancz,$c1987
=300  \\$a254 p. ;$c24 cm

