=LDR  00629nam a2200217 a 4500
=001  010029715
=003  UkOxU
=005  19960507155926.0
=008  890414r19881984enk\\\\\\\\\\\000\1\eng\d
=015  \\$aGB-8428085
=020  \\$a0586064303
=050  \0$aPR6052.A46
=082  \\$a823/.9/1$dF$218
=082  \\$a823/.914$dF$219
=092  \\$aD0400042909
=100  1\$aBallard, J. G.,$d1930-2009.$1http://viaf.org/viaf/9842556$4http://rdaregistry.info/Elements/w/object/P10061
=240  10$aEmpire of the sun$1http://viaf.org/viaf/180997771
=245  10$aEmpire of the sun /$cJ. G. Ballard
=260  \\$aLondon :$bGrafton,$c1988, c1984
=300  \\$a351 p. :$b1 map ;$c18 cm
=500  \\$aOriginally published: London : Gollancz, 1984

