=LDR  00476nam a2200181   4500
=001  010252694
=003  UkOxU
=005  19960510132258.0
=008  881012r19881987enk\\\\\\\\\\\000\1\eng\d
=015  \\$aGB-8859305
=020  \\$a0586201009
=082  \\$a823/.914$dF$219
=092  \\$aD0400564272
=100  1\$aBallard, J. G.,$d1930-2009.$1http://viaf.org/viaf/9842556$4http://rdaregistry.info/Elements/w/object/P10061
=245  14$aThe day of creation
=260  \\$aLondon :$bGrafton,$c1988
=300  \\$a287 p ;$c18 cm

