=LDR  00524nam a2200193 a 4500
=001  010261200
=003  UkOxU
=005  19960510234330.0
=008  881123r19881987enk\\\\\d\\\\\000\1\eng\d
=015  \\$aGB-8826625
=020  \\$a0708984800
=082  \\$a823/.914$dF$219
=092  \\$aD0400582928
=100  1\$aBallard, J. G.,$d1930-2009.$1http://viaf.org/viaf/9842556$4http://rdaregistry.info/Elements/w/object/P10061
=245  14$aThe day of creation
=260  \\$aLeicester :$bCharnwood,$c1988
=300  \\$a378 p. (large print)
=490  0\$aCharnwood large type

