=LDR  00463nam a2200181   4500
=001  010330053
=003  UkOxU
=005  19960511145634.0
=008  890201s1988\\\\enka\\\\\\\\\\000\1\eng\d
=015  \\$aGB-8855655
=020  \\$a0091734983
=082  \\$a823/.914$dF$219
=092  \\$aD0400671123
=100  1\$aBallard, J. G.,$d1930-2009.$1http://viaf.org/viaf/9842556$4http://rdaregistry.info/Elements/w/object/P10061
=240  10$aRunning Wild$1http://viaf.org/viaf/481153289950332770009
=245  10$aRunning wild
=260  \\$aLondon :$bHutchinson,$c1988
=300  \\$a72 p.

