=LDR  00607nam a2200217 a 4500
=001  010425257
=003  UkOxU
=005  19960512134750.0
=008  901114s1990\\\\enk\\\\\\\\\\\001\1\eng\d
=015  \\$aGB 90-26534
=020  \\$a0002237709
=035  \\$a(OCoLC)21560639
=050  \4$aPR6052.A46$bW37 1990
=082  \\$a823.914$dF$220
=092  \\$aD0400812835
=100  1\$aBallard, J. G.,$d1930-2009.$1http://viaf.org/viaf/9842556$4http://rdaregistry.info/Elements/w/object/P10061
=245  10$aWar fever /$cJ.G. Ballard
=260  \\$aLondon :$bCollins,$c1990
=300  \\$a176 p. ;$c24 cm

