=LDR  00478nam a2200181   4500
=001  010472720
=003  UkOxU
=005  19960513002605.0
=008  890614r19891984enk\\\\\\\\\\\000\1\eng\d
=015  \\$aGB-8903181
=020  \\$a0435123424
=082  \\$a823.914$dF$219
=092  \\$aD0400938144
=100  1\$aBallard, J. G.,$d1930-2009.$1http://viaf.org/viaf/9842556$4http://rdaregistry.info/Elements/w/object/P10061
=240  10$aEmpire of the sun$1http://viaf.org/viaf/180997771
=245  10$aEmpire of the sun
=260  \\$aOxford :$bHeinemann Educational,$c1989
=300  \\$a269 p

