=LDR  00600nam a2200217 a 4500
=001  010517178
=003  UkOxU
=005  19960513081635.0
=008  910822s1991\\\\enk\\\\\\\\\\\000\1\eng\d
=015  \\$aGB 91-16791
=020  \\$a0002237717
=035  \\$aBNB issue 2153
=082  \\$a823.914$dF$220
=092  \\$aD0401036455
=100  1\$aBallard, J. G.,$d1930-2009.$1http://viaf.org/viaf/9842556$4http://rdaregistry.info/Elements/w/object/P10061
=245  14$aThe kindness of women
=260  \\$aLondon :$bHarper Collins,$c1991
=300  \\$a286 p

