=LDR  00459nam a2200181 a 4500
=001  010578512
=003  UkOxU
=005  19960514093403.0
=008  910822r19901965enk\\\\\\\\\\\000\1\eng\d
=015  \\$aGB 91-50023
=020  \\$a0586089969
=082  \\$a823.914$dF$220
=092  \\$aD0401170293
=100  1\$aBallard, J. G.,$d1930-2009.$1http://viaf.org/viaf/9842556$4http://rdaregistry.info/Elements/w/object/P10061
=245  14$aThe drought
=260  \\$aLondon :$bPaladin,$c1990
=300  \\$a188 p

