=LDR  00475nam a2200181 a 4500
=001  010578520
=003  UkOxU
=005  19960514093404.0
=008  910822r19901979enk\\\\\\\\\\\000\1\eng\d
=015  \\$aGB 91-50045
=020  \\$a0586089950
=082  \\$a823.914$dF$220
=092  \\$aD0401170311
=100  1\$aBallard, J. G.,$d1930-2009.$1http://viaf.org/viaf/9842556$4http://rdaregistry.info/Elements/w/object/P10061
=245  14$aThe Unlimited Dream Company
=260  \\$aLondon :$bPaladin,$c1990
=300  \\$a220 p

