=LDR  00497nam a2200181   4500
=001  010588381
=003  UkOxU
=005  19960515112248.0
=008  920612r19901973enk\\\\\\\\\\\000\1\eng\d
=020  \\$a0586089896
=082  \\$a823.914$dF$220
=092  \\$aD0401191200
=100  1\$aBallard, J. G.,$d1930-2009.$1http://viaf.org/viaf/9842556$4http://rdaregistry.info/Elements/w/object/P10061
=240  10$aCrash$1http://viaf.org/viaf/305922109
=245  10$aCrash
=260  \\$aLondon :$bPaladin,$c1990
=300  \\$a171 p
=500  \\$afirst published in Great Britain by Jonathan Cape, 1973

