=LDR  00588nam a22002051  4500
=001  010654531
=003  UkOxU
=005  19960516185303.0
=008  921109r19851971enk\\\\\\\\\\\000\1\eng\d
=015  \\$aGB 85-1473
=020  \\$a0460022776
=035  \\$aCURL Interim file ISBN01 record 103268
=092  \\$aD0500724438
=100  1\$aBallard, J. G.,$d1930-2009.$1http://viaf.org/viaf/9842556$4http://rdaregistry.info/Elements/w/object/P10061
=245  10$aVermilion Sands /$cJ.G. Ballard
=260  \\$aLondon :$bDent,$c1985, c1971
=300  \\$a208 p ;$c20 cm
=490  0\$aEveryman fiction
=500  \\$aOriginally published: London : Cape, 1971

