=LDR  00711nam a2200229 a 4500
=001  010658684
=003  UkOxU
=005  20090706100519.0
=008  921109r19841963enk\\\\\\\\\\\100\1\eng\d
=015  \\$aGB 84-21716
=020  \\$a0460022660
=035  \\$aCURL Interim file ISBN02 record 104939
=092  \\$aD0500734242
=100  1\$aBallard, J. G.,$d1930-2009.$1http://viaf.org/viaf/9842556$4http://rdaregistry.info/Elements/w/object/P10061
=240  10$aFour-dimensional nightmare
=245  14$aThe voices of time /$cJ.G. Ballard
=260  \\$aLondon :$bDent,$c1984, c1974
=300  \\$a197 p ;$c20 cm
=490  0\$aEveryman fiction
=500  \\$aOriginally published as: The four-dimensional nightmare
=500  \\$aOriginally published: London : Gollancz, 1963

