=LDR  00629nam a2200205 a 4500
=001  010670451
=003  UkOxU
=005  20090706100543.0
=008  921109r19851963enk\\\\\\\\\\\000\1\eng\d
=015  \\$aGB 84-23190
=020  \\$a0575035153
=035  \\$aCURL Interim file ISBN02 record 108845
=092  \\$aD0500761141
=100  1\$aBallard, J. G.,$d1930-2009.$1http://viaf.org/viaf/9842556$4http://rdaregistry.info/Elements/w/object/P10061
=240  10$aFour-dimensional nightmare
=245  14$aThe voices of time /$cby J.G. Ballard
=260  \\$aLondon :$bGollancz,$c1985, c1963
=300  \\$a197 p ;$c22 cm
=500  \\$aOriginally published as: The four dimensional nightmare: 1963

