=LDR  00516nam a22001811  4500
=001  010670475
=003  UkOxU
=005  19960517133832.0
=008  921109s1964\\\\enk\\\\\\\\\\\000\1\eng\d
=015  \\$aGB 84-21441
=020  \\$a0575035145
=035  \\$aCURL Interim file ISBN02 record 108846
=092  \\$aD0500761219
=100  1\$aBallard, J. G.,$d1930-2009.$1http://viaf.org/viaf/9842556$4http://rdaregistry.info/Elements/w/object/P10061
=245  14$aThe terminal beach /$cby J.G. Ballard
=260  \\$aLondon :$bGollancz,$c1964
=300  \\$a220 p ;$c22 cm

