=LDR  00492nam a2200169 a 4500
=001  010707684
=003  UkOxU
=005  19960517214015.0
=008  930226r19901981enk\\\\\\\\\\\000\1\eng\d
=020  \\$a0586090223
=092  \\$aD0500848612
=100  1\$aBallard, J. G.,$d1930-2009.$1http://viaf.org/viaf/9842556$4http://rdaregistry.info/Elements/w/object/P10061
=245  10$aHello America
=260  \\$aLondon :$bPaladin,$c1990
=300  \\$a236 p
=500  \\$a"First published in Great Britain by Jonathan Cape Ltd 1981" - t.p. verso

