=LDR  00624nam a22002171  4500
=001  010719479
=003  UkOxU
=005  19960518203333.0
=008  930330r19861967enk\\\\\\\\\\\000\0\eng\d
=015  \\$aGB 85-46169
=020  \\$a0575037709
=035  \\$aCURL 990575037709(Bnb) from kpc128
=050  \0$aPR6052.A46
=082  \\$a823/.914$dF$219
=092  \\$aD0501015545
=100  1\$aBallard, J. G.,$d1930-2009.$1http://viaf.org/viaf/9842556$4http://rdaregistry.info/Elements/w/object/P10061
=245  14$aThe day of forever /$cby J.G. Ballard
=260  \\$aLondon :$bGollancz,$c1986, c1967
=300  \\$a126 p ;$c23 cm
=500  \\$aOriginally published: London : Panther, 1967

