=LDR  00486nam a22001811  4500
=001  010764523
=003  UkOxU
=005  19960520072021.0
=008  930122r19861980enk\\\\\\\\\\\000\1\eng\d
=015  \\$aGB 86-13737
=020  \\$a0575037717
=035  \\$aCURL Interim file ISBN23
=092  \\$aD0500864713
=100  1\$aBallard, J. G.,$d1930-2009.$1http://viaf.org/viaf/9842556$4http://rdaregistry.info/Elements/w/object/P10061
=245  14$aThe Venus hunters /$cby J.G. Ballard
=260  \\$aLondon :$bGollancz,$c1986
=300  \\$a142 p ;$c23 cm

