=LDR  00528nam a2200193 a 4500
=001  010870067
=003  UkOxU
=005  19960522151747.0
=008  931020r19911990enk\\\\\\\\\\\001\1\eng\d
=020  \\$a0586090630
=082  \\$a823.914$dF$220
=092  \\$aD0501283882
=100  1\$aBallard, J. G.,$d1930-2009.$1http://viaf.org/viaf/9842556$4http://rdaregistry.info/Elements/w/object/P10061
=245  10$aWar fever
=260  \\$aLondon :$bPaladin,$c1991
=300  \\$a176 p.
=500  \\$aFirst published: London : Collins, 1990

