=LDR  00468nam a2200169 a 4500
=001  010874071
=003  UkOxU
=005  19960522160901.0
=008  931027r19931964enk\\\\\\\\\\\000\0\eng\d
=020  \\$a1857990218
=092  \\$aD0501293934
=100  1\$aBallard, J. G.,$d1930-2009.$1http://viaf.org/viaf/9842556$4http://rdaregistry.info/Elements/w/object/P10061
=245  14$aThe terminal beach /$cJ.G. Ballard
=260  \\$aLondon :$bPhoenix,$c1993
=300  \\$a220 p ;$c20 cm
=500  \\$aFirst published: London : Gollancz, 1964

