=LDR  00699nam a2200241 a 4500
=001  010874713
=003  UkOxU
=005  19960522161849.0
=008  500101r19931963enk\\\\\\\\\\\000\1\eng\d
=015  \\$aGB 94-6030
=020  \\$a1857990269
=035  \\$a(OCoLC)60001979
=035  \\$aCURL 991857990269(Bnb) from wk432932
=040  \\$aDB/U-1
=082  \\$a823.914$dF$220
=092  \\$aD0501295514
=100  1\$aBallard, J. G.,$d1930-2009.$1http://viaf.org/viaf/9842556$4http://rdaregistry.info/Elements/w/object/P10061
=245  14$aThe drowned world /$cJ. G. Ballard
=260  \\$aLondon :$bPhoenix,$c1993
=300  \\$a175 p. ;$b20 cm
=500  \\$aFirst published: Victor Gollancz Ltd., 1963
=650  \0$aEnglish fiction$y20th century

