=LDR  00553nam a2200193 a 4500
=001  010897251
=003  UkOxU
=005  19960522225206.0
=008  931208r19841982enk\\\\\\\\\\\000\1\eng\d
=020  \\$a0586058885
=020  \\$a0586091122
=092  \\$aD0501351468
=100  1\$aBallard, J. G.,$d1930-2009.$1http://viaf.org/viaf/9842556$4http://rdaregistry.info/Elements/w/object/P10061
=245  10$aMyths of the near future
=260  \\$aLondon :$bTriad Paladin,$c1984
=300  \\$a205 p. ;$c20 cm
=500  \\$aFirst published: London : Cape, 1982

