=LDR  00463nam a2200169 a 4500
=001  010943484
=003  UkOxU
=005  19960524212125.0
=008  940302r19921974enk\\\\\\\\\\\000\1\eng\d
=020  \\$a0586092250
=092  \\$aD0501465245
=100  1\$aBallard, J. G.,$d1930-2009.$1http://viaf.org/viaf/9842556$4http://rdaregistry.info/Elements/w/object/P10061
=240  10$aConcrete Island$1http://viaf.org/viaf/174604532
=240  10$aConcrete Island$1http://viaf.org/viaf/174604532
=245  10$aConcrete island
=260  \\$aLondon :$bTriadGrafton,$c1992
=300  \\$a126 p.
=500  \\$aFirst published: London : Cape, 1974

