=LDR  00460nam a2200169 a 4500
=001  010943499
=003  UkOxU
=005  19960524212127.0
=008  940302r19921967enk\\\\\\\\\\\000\1\eng\d
=020  \\$a0586090711
=092  \\$aD0501465275
=100  1\$aBallard, J. G.,$d1930-2009.$1http://viaf.org/viaf/9842556$4http://rdaregistry.info/Elements/w/object/P10061
=245  14$aThe Disaster area
=260  \\$aLondon :$bPaladin,$c1992
=300  \\$a191 p.
=500  \\$aFirst published: London : Cape, 1967

