=LDR  00507nam a2200181 a 4500
=001  010955241
=003  UkOxU
=005  19960524233545.0
=008  940321r19921991enk\\\\\\\\\\\000\1\eng\d
=020  \\$a0586210997
=092  \\$aD0501493944
=100  1\$aBallard, J. G.,$d1930-2009.$1http://viaf.org/viaf/9842556$4http://rdaregistry.info/Elements/w/object/P10061
=245  14$aThe kindness of women
=260  \\$aLondon :$bGrafton,$c1992
=300  \\$a348 p.
=500  \\$a"Special overseas edition"
=500  \\$aFirst published: HarperCollins, 1991

