=LDR  00548nam a2200193 a 4500
=001  010958473
=003  UkOxU
=005  19960525001131.0
=008  940324r19941982enk\\\\\\\\\\\000\1\eng\d
=020  \\$a0099334712
=040  \\$aOX/U-1
=092  \\$aD0501501894
=100  1\$aBallard, J. G.,$d1930-2009.$1http://viaf.org/viaf/9842556$4http://rdaregistry.info/Elements/w/object/P10061
=245  10$aMyths of the near future
=260  \\$aLondon :$bVintage,$c1994
=300  \\$a205 p. ;$c20 cm
=500  \\$aFirst published: London : Cape, 1982

