=LDR  00595nam a2200205 a 4500
=001  011051813
=003  UkOxU
=005  19960529224815.0
=008  940617r19921979enk\\\\\\\\\\\000\1\eng\d
=015  \\$aGB 94-50277
=020  \\$a0586089950
=035  \\$aBNB issue 2296
=082  \\$a823.914$dF$220
=092  \\$aD0501867257
=100  1\$aBallard, J. G.,$d1930-2009.$1http://viaf.org/viaf/9842556$4http://rdaregistry.info/Elements/w/object/P10061
=245  14$aThe Unlimited Dream Company /$cJ.G. Ballard
=260  \\$aLondon :$bFlamingo,$c1992
=300  \\$a220 p
=500  \\$aFirst published in Great Britain by Jonathan Cape, 1979

