=LDR  00568nam a2200205 a 4500
=001  011064391
=003  UkOxU
=005  19960530122109.0
=008  930817r19921980enk\\\\\\\\\\\000\1\eng\d
=015  \\$aGB 93-44140
=020  \\$a0586051872
=035  \\$aBNB issue 2254
=082  \\$a823.914$dF$220
=092  \\$aD0501897824
=100  1\$aBallard, J. G.,$d1930-2009.$1http://viaf.org/viaf/9842556$4http://rdaregistry.info/Elements/w/object/P10061
=245  14$aThe Venus hunters
=260  \\$aLondon :$bFlamingo,$c1992, c1980
=300  \\$a142 p
=500  \\$aFirst published in Great Britain: Panther, 1980

