=LDR  00479nam a2200181 a 4500
=001  011092196
=003  UkOxU
=005  19960530183835.0
=008  941103r19931973enk\\\\\\\\\\\000\1\eng\d
=020  \\$a0586089896
=082  \\$a823.914$dF$220
=092  \\$aD0501965669
=100  1\$aBallard, J. G.,$d1930-2009.$1http://viaf.org/viaf/9842556$4http://rdaregistry.info/Elements/w/object/P10061
=240  10$aCrash$1http://viaf.org/viaf/305922109
=245  10$aCrash
=260  \\$aLondon :$bFlamingo,$c1993
=300  \\$a171 p
=500  \\$aFirst published: London : Cape, 1973

