=LDR  00708nam a2200241 a 4500
=001  011096581
=003  UkOxU
=005  19960530193312.0
=008  941110s1994\\\\enk\\\\\\\\\\\000\1\eng\d
=015  \\$aGB 94-67796
=020  \\$a000224134X
=035  \\$a(OCoLC)31078296
=035  \\$aCURL 99000224134x(BLi) from ajmc45
=049  \\$aCU$k99000224134x$lb$m+
=050  \4$aPR6052.A46$bR87 1994
=082  \\$a823.914$dF$220
=092  \\$aD0501975895
=100  1\$aBallard, J. G.,$d1930-2009.$1http://viaf.org/viaf/9842556$4http://rdaregistry.info/Elements/w/object/P10061
=245  10$aRushing to paradise /$cJ.G. Ballard
=260  \\$aLondon :$bFlamingo,$c1994
=300  \\$a238 p. ;$c25 cm

