=LDR  00562nam a2200205 a 4500
=001  011097272
=003  UkOxU
=005  19960530194234.0
=008  930504r19931981enk\\\\\\\\\\\000\1\eng\d
=015  \\$aGB 93-25649
=020  \\$a0586090223
=035  \\$aBNB issue 2239
=082  \\$a823.914$dF$220
=092  \\$aD0501977493
=100  1\$aBallard, J. G.,$d1930-2009.$1http://viaf.org/viaf/9842556$4http://rdaregistry.info/Elements/w/object/P10061
=245  10$aHello America
=260  \\$aLondon :$bFlamingo,$c1993
=300  \\$a236 p
=500  \\$aFirst published: Great Britain : Jonathan Cape, 1981

