=LDR  00551nam a2200193 a 4500
=001  011100783
=003  UkOxU
=005  19960530202701.0
=008  941114r19931975enk\\\\\\\\\\\000\1\eng\d
=020  \\$a0586044566
=092  \\$aD0501986103
=100  1\$aBallard, J. G.,$d1930-2009.$1http://viaf.org/viaf/9842556$4http://rdaregistry.info/Elements/w/object/P10061
=240  10$aHigh-rise$1http://viaf.org/viaf/308016990
=245  10$aHigh-rise
=260  \\$aLondon :$bFlamingo,$c1993
=300  \\$a173 p
=500  \\$aFirst published: London : Jonathan Cape, 1975

