=LDR  00507nam a2200193   4500
=001  011180901
=003  UkOxU
=005  19960601183929.0
=008  930726r19921971enk\\\\\\\\\\\000\1\eng\d
=015  \\$aGB 93-37132
=020  \\$a1857990056
=082  \\$a823.914$dF$220
=092  \\$aD0502178688
=100  1\$aBallard, J. G.,$d1930-2009.$1http://viaf.org/viaf/9842556$4http://rdaregistry.info/Elements/w/object/P10061
=245  10$aVermilion Sands
=260  \\$aLondon :$bPhoenix,$c1992
=300  \\$a208 p
=500  \\$aFirst published: Cape, 1971

