=LDR  00856cam a2200265   4500
=001  011198335
=003  UkOxU
=005  20080730215406.0
=008  930716r19931959enkc\\\\\\\\\\000\1\eng\d
=015  \\$aGB 93-38682
=020  \\$a0586085602 (pbk)
=082  \\$a813.54$aF$220
=092  \\$a11198335
=092  \\$aD0502220326
=100  1\$aBurroughs, William S.,$d1914-1997.
=245  10$aNaked lunch /$cWilliam Burroughs ; with an introduction by J. G. Ballard
=260  \\$aLondon :$bFlamingo,$c1993
=300  \\$a201 p. ;$c20 cm.
=490  0\$aModern classic
=500  \\$aFirst published: Paris : Olympia Press, 1959.
=500  \\$aPreviously published by Paladin 1986.

