=LDR  00773nam a2200241 a 4500
=001  011246187
=003  UkOxU
=005  20090706100610.0
=008  930712r19921974enk\\\\\\\\\\\000\1\eng\d
=015  \\$aGB 93-35112
=020  \\$a1857990005
=035  \\$aBNB issue 2248
=082  \\$a823.914$220
=092  \\$aD0502330680
=100  1\$aBallard, J. G.,$d1930-2009.$1http://viaf.org/viaf/9842556$4http://rdaregistry.info/Elements/w/object/P10061
=240  10$aFour-dimensional nightmare
=245  14$aThe voices of time /$cJ.G. Ballard
=260  \\$aLondon :$bOrion,$c1992, c1974
=300  \\$a197 p
=500  \\$aOriginally published under the title: The four-dimensional nightmare
=500  \\$aRev. ed. first published: Gollancz, 1974
=700  1\$aBallard, J. G.,$d1930-2009.$tFour-dimensional nightmare.

