=LDR  00713nam a2200229 a 4500
=001  011299423
=003  UkOxU
=005  19960602202648.0
=008  931206s1993\\\\enk\\\\\\\\\\\000\0\eng\d
=015  \\$aGB 93-60601
=020  \\$a0586089926
=035  \\$aBNB issue 2269
=040  \\$aCA/U-1
=082  \\$a823.914$dF$220
=092  \\$aD0502453726
=100  1\$aBallard, J. G.,$d1930-2009.$1http://viaf.org/viaf/9842556$4http://rdaregistry.info/Elements/w/object/P10061
=245  14$aThe atrocity exhibition /$cJ.G. Ballard ; with author's annotations ; preface by William S. Burroughs
=250  \\$aRev., expanded and annotated ed.
=260  \\$aLondon :$bFlamingo,$c1993
=300  \\$a135 p. ;$c25 cm
=500  \\$aPrevious ed.: London : Cape, 1970

