=LDR  00464nam a2200169 a 4500
=001  011299900
=003  UkOxU
=005  19960602203310.0
=008  950426r19931987enk\\\\\\\\\\\000\1\eng\d
=020  \\$a0006545947
=092  \\$aD0502455076
=100  1\$aBallard, J. G.,$d1930-2009.$1http://viaf.org/viaf/9842556$4http://rdaregistry.info/Elements/w/object/P10061
=245  14$aThe day of creation
=260  \\$aLondon :$bFlamingo,$c1993
=300  \\$a287 p
=500  \\$aFirst published: Victor Gollancz, 1987

