=LDR  00557nam a2200205 a 4500
=001  011302456
=003  UkOxU
=005  19960602210229.0
=008  940614r19931966enkc\\\\\\\\\\000\1\eng\d
=015  \\$aGB 94-49371
=020  \\$a0586024190
=035  \\$aBNB issue 2295
=082  \\$a823.914$dF$220
=092  \\$aD0502461026
=100  1\$aBallard, J. G.,$d1930-2009.$1http://viaf.org/viaf/9842556$4http://rdaregistry.info/Elements/w/object/P10061
=245  14$aThe crystal world
=260  \\$aLondon :$bFlamingo,$c1993
=300  \\$a175 p
=500  \\$aFirst published: Great Britain : Cape, 1966

