=LDR  00580nam a2200205 a 4500
=001  011489648
=003  UkOxU
=005  19960605140303.0
=008  940621r19931965enk\\\\\\\\\\\000\1\eng\d
=015  \\$aGB 94-51576
=020  \\$a0586089969
=035  \\$aBNB issue 2296
=082  \\$a823.914$dF$220
=092  \\$aD0502899379
=100  1\$aBallard, J. G.,$d1930-2009.$1http://viaf.org/viaf/9842556$4http://rdaregistry.info/Elements/w/object/P10061
=245  14$aThe drought
=260  \\$aLondon :$bFlamingo,$c1993
=300  \\$a188 p
=500  \\$a"First published in Great Britain by Jonathan Cape Ltd 1965" - t.p verso

