=LDR  00685nam a22002172i 4500
=001  011494288
=003  UkOxU
=005  19960605145638.0
=008  500101s1974\\\\enka\\\\\\\\\\000\0\eng\d
=020  \\$a0330239147
=035  \\$aOCLC ocm04573462 from D950821M
=040  \\$aIAS$cIAS$dEQO
=090  \\$aND813.D3$bL34 1974
=092  \\$aD0502910684
=100  1\$aDalí, Salvador,$d1904-1989.
=245  10$aDalí /$cwith an introd. by J. G. Ballard ; edited by David Larkin
=260  \\$aPan Books :$bLondon,$c1974
=300  \\$a[14] p., [40] leaves of plates :$bchiefly col. ill. ;$c30 cm
=600  10$aDalí, Salvador,$d1904-1989.
=700  1\$aLarkin, David.

