=LDR  00566nam a2200205 a 4500
=001  011528571
=003  UkOxU
=005  19960605221236.0
=008  941206r19941974enk\\\\\\\\\\\000\1\eng\d
=015  \\$aGB 95-895
=020  \\$a009933481X
=035  \\$aBNB issue 2320
=082  \\$a823.914$dF$220
=092  \\$aD0502986133
=100  1\$aBallard, J. G.,$d1930-2009.$1http://viaf.org/viaf/9842556$4http://rdaregistry.info/Elements/w/object/P10061
=240  10$aConcrete Island$1http://viaf.org/viaf/174604532
=240  10$aConcrete Island$1http://viaf.org/viaf/174604532
=245  10$aConcrete island /$cJ.G. Ballard
=260  \\$aLondon :$bVintage,$c1994
=300  \\$a176 p
=500  \\$aOriginally published: London : Cape, 1974

