=LDR  00552nam a2200205 a 4500
=001  011553815
=003  UkOxU
=005  19960606024507.0
=008  941206r19941981enk\\\\\\\\\\\000\1\eng\d
=015  \\$aGB 95-620
=020  \\$a0099265915
=035  \\$aBNB issue 2320
=082  \\$a823.914$dF$220
=092  \\$aD0503043241
=100  1\$aBallard, J. G.,$d1930-2009.$1http://viaf.org/viaf/9842556$4http://rdaregistry.info/Elements/w/object/P10061
=245  10$aHello America
=260  \\$aLondon :$bVintage,$c1994
=300  \\$a224 p
=500  \\$aFirst published: London : Jonathan Cape, 1981

