=LDR  00589nam a2200205 a 4500
=001  011608067
=003  UkOxU
=005  19960606183131.0
=008  940919r19941991enk\\\\\\\\\\\000\1\eng\d
=015  \\$aGB 94-76532
=020  \\$a000654701X
=035  \\$aBNB issue 2308
=082  \\$a823.914$dF$220
=092  \\$aD0503171003
=100  1\$aBallard, J. G.,$d1930-2009.$1http://viaf.org/viaf/9842556$4http://rdaregistry.info/Elements/w/object/P10061
=245  14$aThe kindness of women /$cJ.G. Ballard
=260  \\$aLondon :$bFlamingo,$c1994
=300  \\$a348 p
=500  \\$aFirst published in Great Britain by HarperCollins, 1991

