=LDR  00590cam a22002052i 4500
=001  011691239
=003  UkOxU
=005  19960816194244.0
=008  500101t19631962enk\\\\\\\\\\\000\1\eng\d
=020  \\$a0575002786
=035  \\$aOCLC ocm06954654 from D951218M
=040  \\$aIAF$cIAF$dEQO
=090  \\$aPR6052.A46$bD6
=092  \\$aD0503362779
=100  1\$aBallard, J. G.,$d1930-2009.$1http://viaf.org/viaf/9842556$4http://rdaregistry.info/Elements/w/object/P10061
=245  14$aThe drowned world /$cby J.G. Ballard
=260  \\$aLondon :$bVictor Gollancz,$c1963, c1962, t.p. 1978
=300  \\$a175 p. ;$c21 cm

