=LDR  00667cam a22002292a 4500
=001  011691246
=003  UkOxU
=005  19960816194246.0
=008  500101s1963\\\\enk\\\\\\\\\\\000\1\eng\d
=010  \\$aGB63-7822
=035  \\$aOCLC ocm22158096 from D951218M
=040  \\$aIUL$cIUL$dUKM$dEQO
=082  \\$a823.91$218
=090  \\$aPR6052.A46$bF77
=092  \\$aD0503362794
=100  1\$aBallard, J. G.,$d1930-2009.$1http://viaf.org/viaf/9842556$4http://rdaregistry.info/Elements/w/object/P10061
=245  14$aThe four-dimensional nightmare /$cby J.G. Ballard
=260  \\$aLondon :$bVictor Gollancz Ltd,$cc1963
=300  \\$a208 p. ;$c21 cm
=740  0\$aFour dimensional nightmare

