=LDR  00555cam a22001932i 4500
=001  011691248
=003  UkOxU
=005  19960816194246.0
=008  500101t19741963enk\\\\\\\\\\\000\1\eng\d
=035  \\$aOCLC ocm02017263 from D951218M
=040  \\$aIQU$cIQU$dEQO
=090  \\$aPR6052.A46$bF6
=092  \\$aD0503362798
=100  1\$aBallard, J. G.,$d1930-2009.$1http://viaf.org/viaf/9842556$4http://rdaregistry.info/Elements/w/object/P10061
=245  14$aThe four-dimensional nightmare /$cby J. G. Ballard
=260  \\$aLondon :$bV. Gollancz,$c1974, c1963
=300  \\$a197 p. ;$c21 cm
=500  \\$aScience fiction

