=LDR  00616cam a22002172a 4500
=001  011691252
=003  UkOxU
=005  19960816194247.0
=008  500101s1964\\\\enk\\\\\\\\\\\000\1\eng\d
=010  \\$aGB64-12914
=035  \\$aOCLC ocm28290176 from D951218M
=040  \\$aIUL$cIUL$dUKM$dEQO
=082  \\$a823.91$218
=090  \\$aPR6052.A46$bT31
=092  \\$aD0503362807
=100  1\$aBallard, J. G.,$d1930-2009.$1http://viaf.org/viaf/9842556$4http://rdaregistry.info/Elements/w/object/P10061
=245  14$aThe terminal beach /$cby J.G. Ballard
=260  \\$aLondon :$bVictor Gollancz,$c1964
=300  \\$a220, [1] p. ;$c18 cm

