=LDR  00712cam a22002532a 4500
=001  011691254
=003  UkOxU
=005  20110705083054.0
=008  500101r19841964enk\\\\\\\\\\\000\1\eng\d
=010  \\$aGB84-816
=020  \\$a0460022652 (pbk)
=035  \\$aOCLC ocm10672513 from D951218M
=040  \\$aUKM$cUKM$dEQO
=050  \0$aPR6052.A46
=082  \\$a823/.914$219
=092  \\$aD0503362812
=100  1\$aBallard, J. G.,$d1930-2009.$1http://viaf.org/viaf/9842556$4http://rdaregistry.info/Elements/w/object/P10061
=245  14$aThe terminal beach /$cJ. G. Ballard
=260  \\$aLondon :$bDent,$c1984, c1964
=300  \\$a220 p. ;$c20 cm
=490  1\$aEveryman fiction
=500  \\$aOriginally published: London : Gollancz, 1964
=830  \0$aEveryman fiction

