=LDR  00590cam a22002172a 4500
=001  011691271
=003  UkOxU
=005  19960816194249.0
=008  500101r19841965enk\\\\\\\\\\\000\1\eng\d
=010  \\$aGB84-21509
=020  \\$a0224609521
=035  \\$aOCLC ocm09587119 from D951218M
=040  \\$aUKM$cUKM$dOCL$dEQO
=050  \0$aPR6052.A46
=082  \\$a823/.914$219
=092  \\$aD0503362853
=100  1\$aBallard, J. G.,$d1930-2009.$1http://viaf.org/viaf/9842556$4http://rdaregistry.info/Elements/w/object/P10061
=245  14$aThe drought /$cJ.G. Ballard
=260  \\$aLondon :$bCape,$c1965,$g(1984 [printing])
=300  \\$a252 p. ;$c20 cm

