=LDR  00528cam a22001932a 4500
=001  011691278
=003  UkOxU
=005  19960816194302.0
=008  500101s1966\\\\enk\\\\\\\\\\\000\1\eng\d
=010  \\$aB66-6467
=035  \\$aOCLC ocm01022207 from D951218M
=040  \\$aDLC$cVTU$dSER$dUKM$dEQO
=050  \0$aPZ4.B1893$bCr2
=092  \\$aD0503362868
=100  1\$aBallard, J. G.,$d1930-2009.$1http://viaf.org/viaf/9842556$4http://rdaregistry.info/Elements/w/object/P10061
=245  14$aThe crystal world /$cby J.G. Ballard
=260  \\$aLondon :$bCape,$c1966
=300  \\$a221 p.$c20 cm

