=LDR  00603cam a22002052a 4500
=001  011691283
=003  UkOxU
=005  20090612122155.0
=008  500101r19781966enk\\\\\\\\\\\000\1\eng\d
=020  \\$a0586024190 (pbk.)
=035  \\$aOCLC ocm12545056 from D951218M
=040  \\$aMNO$cMNO$dEQO
=090  \\$aPR6052.A46$bC75
=092  \\$aD0503362878
=100  1\$aBallard, J. G.,$d1930-2009.$1http://viaf.org/viaf/9842556$4http://rdaregistry.info/Elements/w/object/P10061
=245  14$aThe crystal world /$cJ.G. Ballard
=260  \\$aLondon :$bTriad/Panther,$c1978
=300  \\$a175 p. ;$c20 cm
=500  \\$aReprint. Originally published: London : Cape, 1966

