=LDR  00598cam a22002172a 4500
=001  011691284
=003  UkOxU
=005  19960816194303.0
=008  500101s1967\\\\enk\\\\\\\\\\\000\1\eng\d
=010  \\$aB67-20314
=035  \\$aOCLC ocm00458499 from D951218M
=040  \\$aDLC$cDLC$dUKM$dEQO
=050  \0$aPZ4.B1893$bDi
=082  \\$a823.91$218
=092  \\$aD0503362880
=100  1\$aBallard, J. G.,$d1930-2009.$1http://viaf.org/viaf/9842556$4http://rdaregistry.info/Elements/w/object/P10061
=245  14$aThe Disaster area /$c[by] J. G. Ballard
=260  \\$aLondon :$bCape,$c1967
=300  \\$a206 p.$c19 1/2 cm
=650  \0$aScience fiction, English.

