=LDR  00767cam a22002172a 4500
=001  011691303
=003  UkOxU
=005  19960816194304.0
=008  500101s1968\\\\enk\\\\\\\\\\\000\1\eng\d
=035  \\$aOCLC ocm09587112 from D951218M
=040  \\$aIXA$cIXA$dEQO
=090  \\$aPR6052.A46$bW49
=092  \\$aD0503362929
=100  1\$aBallard, J. G.,$d1930-2009.$1http://viaf.org/viaf/9842556$4http://rdaregistry.info/Elements/w/object/P10061
=245  10$aWhy I want to fuck Ronald Reagan /$cJ.G. Ballard
=260  \\$aBrighton :$bUnicorn Bookshop,$cc1968
=300  \\$a[9] p. ;$c26 cm
=500  \\$a"This first printing consists of two hundred fifty copies of which fifty are signed by the author"--Colophon
=500  \\$aThis short story was later collected in The atrocity exhibition
=600  10$aReagan, Ronald$xFiction.

