=LDR  00625cam a22002292a 4500
=001  011691306
=003  UkOxU
=005  19960816194305.0
=008  500101s1970\\\\enk\\\\\\\\\\\000\1\eng\d
=010  \\$aB70-17688
=020  \\$a0224618385
=035  \\$aOCLC ocm00161158 from D951218M
=040  \\$aDLC$cDLC$dUKM$dEQO
=050  \0$aPR6052.A46
=050  \0$aPZ4.B1893$bAt
=082  \\$a823/.9/14
=092  \\$aD0503362935
=100  1\$aBallard, J. G.,$d1930-2009.$1http://viaf.org/viaf/9842556$4http://rdaregistry.info/Elements/w/object/P10061
=245  14$aThe atrocity exhibition /$cby J. G. Ballard
=260  \\$aLondon :$bCape,$c1970
=300  \\$a157 p.$c20 cm

