=LDR  00897cam a22002292a 4500
=001  011691312
=003  UkOxU
=005  19960816194307.0
=008  500101s1971\\\\nyu\\\\\\\\\\\000\1\eng\d
=035  \\$aOCLC ocm00161039 from D951218M
=040  \\$aDLC$cDLC$dEQO
=050  \0$aPR6052.A46
=050  \0$aPZ4.B1893$bCh
=082  \\$a823/.9/14
=092  \\$aD0503362948
=100  1\$aBallard, J. G.,$d1930-2009.$1http://viaf.org/viaf/9842556$4http://rdaregistry.info/Elements/w/object/P10061
=245  10$aChronopolis,$band other stories /$cby J. G. Ballard
=260  \\$aNew York :$bPutnam,$c[1971]
=300  \\$a319 p.$c21 cm
=505  0\$aThe voices of time.--The drowned giant.--The terminal beach.--Manhole 69.--Storm-bird, storm-dreamer.--The sound-sweep.--Billenium.--Chronopolis.--Build-up.--The garden of time.--End game.--The watchtowers.--Now wakes the sea.--Zone of terror.--The cage of sand.--Deep end
=650  \0$aScience fiction, English.

