=LDR  00601cam a22002292a 4500
=001  011691314
=003  UkOxU
=005  19960816194308.0
=008  500101s1973\\\\enk\\\\\\\\\\\000\1\eng\d
=010  \\$aGB***
=020  \\$a0224007823
=035  \\$aOCLC ocm00797233 from D951218M
=040  \\$aDLC$cDLC$dEQO
=050  \0$aPR6052.A46
=050  \0$aPZ4.B1893$bCp
=082  \\$a823/.9/14
=092  \\$aD0503362952
=100  1\$aBallard, J. G.,$d1930-2009.$1http://viaf.org/viaf/9842556$4http://rdaregistry.info/Elements/w/object/P10061
=240  10$aCrash$1http://viaf.org/viaf/305922109
=245  10$aCrash /$c[by] J. G. Ballard
=260  \\$aLondon :$bCape,$c[1973]
=300  \\$a224 p.$c21 cm

