=LDR  00641cam a22002412a 4500
=001  011691315
=003  UkOxU
=005  19960816194309.0
=008  500101s1973\\\\enk\\\\\\\\\\\000\1\eng\d
=010  \\$aGB73-30403
=020  \\$a0224008943
=035  \\$aOCLC ocm01376336 from D951218M
=040  \\$aDLC$cDLC$dEQO
=050  \0$aPR6052.A46
=050  \0$aPZ4.B1893$bVe
=082  \\$a823/.9/14
=092  \\$aD0503362954
=100  1\$aBallard, J. G.,$d1930-2009.$1http://viaf.org/viaf/9842556$4http://rdaregistry.info/Elements/w/object/P10061
=245  10$aVermilion Sands /$c[by] J. G. Ballard
=260  \\$aLondon :$bCape,$c1973
=300  \\$a208 p.$c21 cm
=650  \0$aScience fiction, English.

