=LDR  00695cam a22002532a 4500
=001  011691318
=003  UkOxU
=005  19960816194310.0
=008  500101s1974\\\\enk\\\\\\\\\\\000\1\eng\d
=010  \\$aGB74-09901
=020  \\$a0224009702
=035  \\$aOCLC ocm03207706 from D951218M
=040  \\$aDLC$cDLC$dEQO
=050  \0$aPR6052.A46
=050  \0$aPZ4.B1893$bCo
=082  \\$a823/.9/14
=092  \\$aD0503362961
=100  1\$aBallard, J. G.,$d1930-2009.$1http://viaf.org/viaf/9842556$4http://rdaregistry.info/Elements/w/object/P10061
=240  10$aConcrete Island$1http://viaf.org/viaf/174604532
=240  10$aConcrete Island$1http://viaf.org/viaf/174604532
=245  10$aConcrete island /$c[by] J. G. Ballard
=260  \\$aLondon :$bCape,$c1974
=300  \\$a176 p.$c21 cm

