=LDR  00628cam a22002412i 4500
=001  011691320
=003  UkOxU
=005  19960816194323.0
=008  500101s1975\\\\enk\\\\\\\\\\\000\1\eng\d
=010  \\$aGB***
=020  \\$a0224011685
=035  \\$aOCLC ocm01993557 from D951218M
=040  \\$aDLC$cDLC$dEQO
=050  \0$aPR6052.A46
=050  \0$aPZ4.B1893$bHi
=082  \\$a823/.9/14
=092  \\$aD0503362966
=100  1\$aBallard, J. G.,$d1930-2009.$1http://viaf.org/viaf/9842556$4http://rdaregistry.info/Elements/w/object/P10061
=240  10$aHigh-rise$1http://viaf.org/viaf/308016990
=245  10$aHigh-rise /$cJ. G. Ballard
=260  \\$aLondon :$bJ. Cape,$c1975
=300  \\$a204 p. ;$c21 cm

