=LDR  00916cam a22002532i 4500
=001  011691323
=003  UkOxU
=005  19960816194324.0
=008  500101s1976\\\\enk\\\\\\\\\\\000\1\eng\d
=010  \\$aGB77-01841
=020  \\$a0224013114
=035  \\$aOCLC ocm03072270 from D951218M
=040  \\$aDLC$cDLC$dEQO
=050  \0$aPR6052.A46
=050  \0$aPZ4.B1893$bLp
=082  \\$a823/.9/14
=092  \\$aD0503362974
=100  1\$aBallard, J. G.,$d1930-2009.$1http://viaf.org/viaf/9842556$4http://rdaregistry.info/Elements/w/object/P10061
=245  10$aLow-flying aircraft, and other stories /$c[by] J. G. Ballard
=260  \\$aLondon :$bCape,$c1976
=300  \\$a191 p. ;$c21 cm
=505  0\$aThe ultimate city.--Low-flying aircraft.--The dead astronaut.--My dream of flying to Wake Island.--The life and death of God.--The greatest television show on Earth.--A place and a time to die.--The Comsat angels.--The beach murders
=650  \0$aScience fiction, English.

