=LDR  00794cam a22002532i 4500
=001  011691325
=003  UkOxU
=005  20110705083054.0
=008  500101s1977\\\\enk\\\\\\\\\\\000\1\eng\d
=020  \\$a0860079430
=035  \\$aOCLC ocm04178758 from D951218M
=040  \\$aAZU$cAZU$dEQO
=090  \\$aPZ2001.B189$bB4
=092  \\$aD0503362978
=100  1\$aBallard, J. G.,$d1930-2009.$1http://viaf.org/viaf/9842556$4http://rdaregistry.info/Elements/w/object/P10061
=245  14$aThe best of J. G. Ballard /$cJ. G. Ballard. --
=260  \\$aLondon :$bFutura Publications Limited,$c1977
=300  \\$a411 p. ;$c18 cm. --
=490  1\$aAn Orbit book
=500  \\$aTitle on cover: The best science fiction of J. G. Ballard
=650  \0$aScience fiction, English.
=740  4\$aThe best science fiction of J. G. Ballard
=830  \3$aAn Orbit book

