=LDR  00543cam a22001932i 4500
=001  011691327
=003  UkOxU
=005  19960816194326.0
=008  500101s1979\\\\enk\\\\\\\\\\\000\0\eng\d
=020  \\$a022401742X
=035  \\$aOCLC ocm05792947 from D951218M
=040  \\$aMIA$cMIA$dEQO
=090  \\$aPR6052.A46$bU54 1979x
=092  \\$aD0503362982
=100  1\$aBallard, J. G.,$d1930-2009.$1http://viaf.org/viaf/9842556$4http://rdaregistry.info/Elements/w/object/P10061
=245  14$aThe Unlimited Dream Company /$cby J. G. Ballard
=260  \\$aLondon : J. Cape,$cc1979
=300  \\$a223 p. ;$c21 cm

