=LDR  00633cam a22002052a 4500
=001  011691328
=003  UkOxU
=005  19960816194327.0
=008  500101r19811979enk\\\\\\\\\\\000\1\eng\d
=020  \\$a0586052054 (pbk.)
=035  \\$aOCLC ocm10667385 from D951218M
=040  \\$aMNO$cMNO$dEQO
=090  \\$aPR6052.A46$bU5
=092  \\$aD0503362984
=100  1\$aBallard, J. G.,$d1930-2009.$1http://viaf.org/viaf/9842556$4http://rdaregistry.info/Elements/w/object/P10061
=245  14$aThe Unlimited Dream Company /$cJ.G. Ballard
=260  \\$a[London] :$bTriad/Granada,$c1981, c1979
=300  \\$a220 p. ;$c18 cm
=500  \\$aReprint. First published in Great Britain: London : Cape, 1979

