=LDR  00549cam a22002052a 4500
=001  011691332
=003  UkOxU
=005  19960816194328.0
=008  500101s1981\\\\enk\\\\\\\\\\\000\1\eng\d
=020  \\$a0224019147
=035  \\$aOCLC ocm09325708 from D951218M
=040  \\$aDLC$cDLC$dEQO
=050  \0$aPR6052.A46$bH4 1981
=082  \\$a823/.914$219
=092  \\$aD0503362993
=100  1\$aBallard, J. G.,$d1930-2009.$1http://viaf.org/viaf/9842556$4http://rdaregistry.info/Elements/w/object/P10061
=245  10$aHello America /$cJ.G. Ballard
=260  \\$aLondon :$bCape,$c1981
=300  \\$a224 p. ;$c21 cm

