=LDR  00612cam a22002172a 4500
=001  011691334
=003  UkOxU
=005  19960816194328.0
=008  500101r19831981enk\\\\\\\\\\\000\1\eng\d
=010  \\$aGB83-40198
=020  \\$a0586055711 (pbk)
=035  \\$aOCLC ocm16600562 from D951218M
=040  \\$aUKM$cUKM$dEQO
=082  \\$a823/.914$219
=092  \\$aD0503363008
=100  1\$aBallard, J. G.,$d1930-2009.$1http://viaf.org/viaf/9842556$4http://rdaregistry.info/Elements/w/object/P10061
=245  10$aHello America /$cJ.G. Ballard
=260  \\$aLondon :$bTriad,$c1983, c1981
=300  \\$a236 p. ;$c18 cm
=500  \\$aOriginally published: London : Cape, 1981

