=LDR  00832cam a22002292a 4500
=001  011691338
=003  UkOxU
=005  19960816194329.0
=008  500101s1982\\\\enk\\\\\\\\\\\000\1\eng\d
=020  \\$a0224029363
=035  \\$aOCLC ocm08884132 from D951218M
=040  \\$aDLC$cDLC$dEQO
=050  \0$aPR6052.A46$bM9 1982
=082  \\$a823/.914$219
=092  \\$aD0503363017
=100  1\$aBallard, J. G.,$d1930-2009.$1http://viaf.org/viaf/9842556$4http://rdaregistry.info/Elements/w/object/P10061
=245  10$aMyths of the near future /$cJ.G. Ballard
=260  \\$aLondon :$bCape,$c1982
=300  \\$a205 p. ;$c21 cm
=505  0\$aMyths of the near future -- Having a wonderful time -- A host of furious fancies -- Zodiac 2000 -- News from the sun -- Theatre of war -- The dead time -- The smile -- Motel architecture -- The intensive care unit
=650  \0$aScience fiction, English.

