=LDR  01000cam a22003252a 4500
=001  011691344
=003  UkOxU
=005  19960816194330.0
=008  500101s1984\\\\enk\\\\\\\\\\\000\1\eng\c
=010  \\$aGB84-21998
=020  \\$a0575034831
=020  \\$a0575035595 (:)
=035  \\$aOCLC ocm11163217 from D951218M
=040  \\$aMH$cHLS$dDLC$dUKM$dEQO
=050  \0$aPR6052.A46$bE45x 1984b
=082  \\$a823/.914$219
=092  \\$aD0503363031
=100  1\$aBallard, J. G.,$d1930-2009.$1http://viaf.org/viaf/9842556$4http://rdaregistry.info/Elements/w/object/P10061
=240  10$aEmpire of the sun$1http://viaf.org/viaf/180997771
=245  10$aEmpire of the sun /$cJ.G. Ballard
=260  \\$aLondon :$bV. Gollancz,$c1984
=300  \\$a278 p. ;$c24 cm
=500  \\$aSequel: The kindness of women
=650  \0$aBoys$zChina$zShanghai$xFiction
=650  \0$aWorld War, 1939-1945$zChina$zShanghai$xFiction

