=LDR  00398cam a22001573a 4500
=001  011710818
=003  UkOxU
=005  19960816194349.0
=008  500101s1984\\\\xx\\\\\\\\\\\\000\1\eng\d
=035  \\$aOCLC pks03222272 from D960106K
=040  \\$aEQO$cEQO
=092  \\$aD0503410115
=100  1\$aBallard, J. G.,$d1930-2009.$1http://viaf.org/viaf/9842556$4http://rdaregistry.info/Elements/w/object/P10061
=245  14$aThe Disaster area
=260  \\$aLond,$c1984

