=LDR  00716cam a2200241 a 4500
=001  011712399
=003  UkOxU
=005  19961105001429.0
=008  960119s1996\\\\enk\\\\\\\\\\\000\0\eng\\
=015  \\$aGB 96-7631
=020  \\$a0002555522
=035  \\$a(OCoLC)60278642
=035  \\$aBNB issue 2383
=050  \4$aPR6052.A46$bA16 1996b
=082  \\$a824.914$220
=092  \\$aD0503414119
=100  1\$aBallard, J. G.,$d1930-2009.$1http://viaf.org/viaf/9842556$4http://rdaregistry.info/Elements/w/object/P10061
=245  12$aA user's guide to the millennium :$bessays and reviews /$cJ.G. Ballard
=260  \\$aLondon :$bHarperCollins,$c1996
=300  \\$a304 p ;$c24 cm
=650  \0$aCivilization, Modern$y20th century

