=LDR  00719nam a2200241 a 4500
=001  011938748
=003  UkOxU
=005  19960611170417.0
=008  950109r19951973enk\\\\\\\\\\\000\1\eng\d
=015  \\$aGB 95-8048
=020  \\$a0099334917
=035  \\$aBNB issue 2323
=082  \\$a823.914$dF$220
=092  \\$aD0503964461
=100  1\$aBallard, J. G.,$d1930-2009.$1http://viaf.org/viaf/9842556$4http://rdaregistry.info/Elements/w/object/P10061
=240  10$aCrash$1http://viaf.org/viaf/305922109
=245  10$aCrash /$cJ.G. Ballard
=260  \\$aLondon :$bVintage,$c1995
=300  \\$a224 p. ;$c20 cm
=500  \\$aFirst published: London : Jonathan Cape, 1973

