=LDR  00595nam a2200205 a 4500
=001  012223709
=003  UkOxU
=005  19970329183641.0
=008  940822r19951994enk\\\\\\\\\\\000\1\eng\d
=015  \\$aGB 94-67796
=020  \\$a0006548148
=035  \\$aBNB issue 2304
=082  \\$a823.914$dF$220
=092  \\$aD0504497234
=100  1\$aBallard, J. G.,$d1930-2009.$1http://viaf.org/viaf/9842556$4http://rdaregistry.info/Elements/w/object/P10061
=245  10$aRushing to paradise /$cJ.G. Ballard
=260  \\$aLondon :$bFlamingo,$c1995
=300  \\$a238 p. ;$c20 cm
=500  \\$aFirst published in different format by Flamingo, 1994

