=LDR  00840cam a2200265 a 4500
=001  012400580
=003  UkOxU
=005  20011008112754.0
=008  961105s1996\\\\enk\\\\\\\\\\\000\1\eng\d
=020  \\$a0002241358 (hbk.)
=020  \\$a0006550649 (pbk.)
=035  \\$a(OCoLC)35845211
=040  \\$aNOC$cNOC$dMTH
=050  00$aPR6052.A46$bC58 1996
=090  \\$aPR6052.A46$bC59 1996
=100  1\$aBallard, J. G.,$d1930-2009.$1http://viaf.org/viaf/9842556$4http://rdaregistry.info/Elements/w/object/P10061
=245  10$aCocaine nights /$cJ.G. Ballard.
=260  \\$aLondon :$bFlamingo,$c1996.
=300  \\$a328 p. ;$c23 cm.

