=LDR  00885cam a22002652  4500
=001  012886190
=003  UkOxU
=005  19971120141839.0
=008  780117s1977\\\\nyua\\\\\b\\\\000\0\eng\\
=010  \\$a77025187 /MAP/r843
=020  \\$a0387902473
=035  \\$aOCLC ocm03547050 from D970825M
=040  \\$aDLC$cDLC$dEQO
=043  \\$aln-----
=050  0\$aGC83.2.M53$bB34 1977
=082  0\$a912/.19636$219
=100  1\$aBallard, Robert D.
=245  10$aPhotographic atlas of the Mid-Atlantic Ridge Rift Valley /$cRobert D. Ballard, James G. Moore.
=260  \\$aNew York :$bSpringer-Verlag,$cc1977.
=300  \\$axi, 114 p. :$bill. ;$c29 cm.
=504  \\$aBibliography: p. 113-114.
=611  20$aFamous (Expedition)$d(1973-1974)
=651  \0$aMid-Atlantic Ridge Rift Valley$xPictorial works.
=700  1\$aMoore, James Gregory,$d1930-

