=LDR  00729cam a2200229 a 4500
=001  013126573
=003  UkOxU
=005  20090706100631.0
=008  980414r19971963enk\\\\\\\\\\\000\1\eng\d
=020  \\$a0575401303
=035  \\$a(OCoLC)ocm38946987
=040  \\$aSUC$cSUC
=050  \4$aPR6052.A46$bV6 1997
=090  \\$aPR6052.A46$bV6 1997
=100  1\$aBallard, J. G.,$d1930-2009.$1http://viaf.org/viaf/9842556$4http://rdaregistry.info/Elements/w/object/P10061
=240  10$aFour-dimensional nightmare
=245  14$aThe voices of time /$cJ.G. Ballard.
=260  \\$aLondon :$bIndigo,$c1997.
=300  \\$a197 p. ;$c20 cm.
=500  \\$aFirst published as: The four-dimensional nightmare. London : Gollancz, 1963.

