=LDR  00797nam a2200253 a 4500
=001  013391285
=003  UkOxU
=005  20090713102724.0
=008  990301s1998\\\\enk\\\\\\\\\\\001\0\eng\d
=015  \\$aGB 98-V4695
=020  \\$a0746308671
=035  \\$a(OCoLC)40797772
=035  \\$a(UkOxU)UkOxUw10609219
=035  \\$aBNB2531.1882
=050  \4$aPR6052.A46$bZ65 1998
=082  0\$a823.914$221
=100  1\$aDelville, Michel,$d1969-
=245  10$aJ. G. Ballard /$cMichel Delville.
=260  \\$aPlymouth :$bNorthcote House in association with the British Council,$c1998.
=300  \\$ax, 102 p,$b1 port ;$c22 cm.
=600  10$aBallard, J. G.,$d1930-2009$xCriticism and interpretation.
=710  2\$aBritish Council.
=830  \0$aWriters and their work.

