=LDR  00572nam a2200205 a 4500
=001  013444156
=003  UkOxU
=005  19990317083050.0
=008  961008r19971988enk\\\\\\\\\\\000\1\eng\d
=015  \\$aGB 96-W6626
=020  \\$a0006548199
=035  \\$aBNB2412.337
=040  \\$aBDS
=082  0\$a823.914$220
=100  1\$aBallard, J. G.,$d1930-2009.$1http://viaf.org/viaf/9842556$4http://rdaregistry.info/Elements/w/object/P10061
=240  10$aRunning Wild$1http://viaf.org/viaf/481153289950332770009
=245  10$aRunning wild /$cJ.G. Ballard.
=260  \\$aLondon :$bFlamingo,$c1997.
=300  \\$a105 p. ;$c20 cm.
=500  \\$aOriginally published: London : Hutchinson, 1988.

