=LDR  00576pam a2200205 a 4500
=001  013650084
=003  UkOxU
=005  19990920122014.0
=008  990920r19971962enk\\\\\\\\\\\000\1\eng\d
=015  \\$aGB 97-76568
=020  \\$a057540129x
=035  \\$aBNB2469.957
=040  \\$aDB/U-1
=082  0\$a823.914$221
=100  1\$aBallard, J. G.,$d1930-2009.$1http://viaf.org/viaf/9842556$4http://rdaregistry.info/Elements/w/object/P10061
=245  14$aThe drowned world /$cJ. G. Ballard.
=260  \\$aLondon :$bIndigo,$c1997.
=300  \\$a175 p. ;$c20 cm.
=500  \\$aOriginally published: London: Gollancz, 1962.

