=LDR  00787nam a2200265 a 4500
=001  015018891
=003  UkOxU
=005  20030930100129.0
=008  001004s2000\\\\enk\\\\\\\\\\\000\1\eng\d
=015  \\$aGB A0-63200
=020  \\$a0002258471 (cased)
=020  \\$a0007109288
=035  \\$a(OCoLC)53903735
=035  \\$a(UkOxU)UkOxUw11071659
=035  \\$aBNB2612.360
=050  00$aPR6052.A46$bS87 2000
=082  0\$a823.914$221
=100  1\$aBallard, J. G.,$d1930-2009.$1http://viaf.org/viaf/9842556$4http://rdaregistry.info/Elements/w/object/P10061
=245  10$aSuper-Cannes /$cJ.G. Ballard.
=260  \\$aLondon :$bFlamingo,$c2000.
=300  \\$a391 p. ;$c23 cm.
=650  \0$aWomen physicians$zFrance$zRiviera$vFiction.
=651  \0$aRiviera (France)$vFiction.

