=LDR  00727cam a2200253 a 4500
=001  015222729
=003  UkOxU
=005  20050430104601.0
=008  010426s2001\\\\enk\\\\\\\\\\\000\j\eng\d
=015  \\$aGB A1-W4933
=020  \\$a0007124058
=035  \\$a(OCoLC)59521508
=035  \\$aBNB2656.476
=040  \\$aBDS
=050  00$aPR6052.A46$bA6 2001
=082  0\$a823.914$221
=100  1\$aBallard, J. G.,$d1930-2009.$1http://viaf.org/viaf/9842556$4http://rdaregistry.info/Elements/w/object/P10061
=245  14$aThe complete short stories /$cJ.G. Ballard.
=260  \\$aLondon :$bFlamingo,$c2001.
=300  \\$a1189 p. ;$c24 cm.
=504  \\$aIncludes bibliography.

