=LDR  00518nam a2200169 a 4500
=001  015437531
=003  UkOxU
=005  20021202113838.0
=008  021202r20001979enk\\\\\\\\\\\000\1\eng\d
=020  \\$a0586089950
=100  1\$aBallard, J. G.,$d1930-2009.$1http://viaf.org/viaf/9842556$4http://rdaregistry.info/Elements/w/object/P10061
=245  14$aThe Unlimited Dream Company /$cJ.G. Ballard.
=260  \\$aLondon :$bFlamingo,$c2000.
=300  \\$a220 p. ;$c20 cm.
=500  \\$aOriginally published: London : Jonathan Cape, 2000.
=830  \0$aModern classic.

