=LDR  00499nam a2200169 a 4500
=001  015439293
=003  UkOxU
=005  20021204140453.0
=008  021204r20001966enk\\\\\\\\\\\000\1\eng\d
=020  \\$a0586024190
=100  1\$aBallard, J. G.,$d1930-2009.$1http://viaf.org/viaf/9842556$4http://rdaregistry.info/Elements/w/object/P10061
=245  14$aThe crystal world /$cJ.G. Ballard.
=260  \\$aLondon :$bFlamingo,$c2000.
=300  \\$a175 p. ;$c20 cm.
=500  \\$aOriginally published: Jonathan Cape, 1966.
=830  \0$aModern classic.

