=LDR  00495nam a2200169 a 4500
=001  015571228
=003  UkOxU
=005  20030903113053.0
=008  030903r20001975enk\\\\\\\\\\\000\1\eng\d
=020  \\$a0586044566
=100  1\$aBallard, J. G.,$d1930-2009.$1http://viaf.org/viaf/9842556$4http://rdaregistry.info/Elements/w/object/P10061
=240  10$aHigh-rise$1http://viaf.org/viaf/308016990
=245  10$aHigh-rise /$cJ.G. Ballard.
=260  \\$aLondon :$bFlamingo,$c2000.
=300  \\$a173 p. ;$c20 cm.
=500  \\$aFirst published: London : Jonathan Cape, 1975.
=830  \0$aModern classic.

