=LDR  00888nam a2200289 a 4500
=001  015573482
=003  UkOxU
=005  20030909111442.0
=008  030117s2003\\\\enk\\\\\\\\\\\000\1\eng\d
=015  \\$aGB A3-W6166
=016  \\$a100=USNAF preferred
=020  \\$a000225848X
=035  \\$a(OCoLC)52485486
=035  \\$aBNB2755.347
=040  \\$aOX/U-1
=050  00$aPR6052.A46$bM55 2003
=082  0\$a823.914$221
=100  1\$aBallard, J. G.,$d1930-2009.$1http://viaf.org/viaf/9842556$4http://rdaregistry.info/Elements/w/object/P10061
=245  10$aMillennium people /$cJ.G. Ballard.
=260  \\$aLondon :$bFlamingo,$c2003.
=300  \\$a294 p. ;$c23 cm.
=650  \0$aMiddle class$zGreat Britain$vFiction.
=650  \0$aPolitical violence$zGreat Britain$vFiction.
=650  \0$aSocial change$zGreat Britain$vFiction.

