=LDR  02234ngm a2200445 a 4500
=001  015626701
=003  UkOxU
=005  20060406162538.0
=007  vd\cvaizq
=008  040111p19991996enk096\e\\\\\\s\\\vleng\d
=028  42$aCDR25095$bColumbia Tristar Home Video
=035  \\$a(OCoLC)224122915
=245  00$aCrash$h[videorecording] /$cwritten by David Cronenberg ; based on the book by J.G. Ballard ; produced and directed by David Cronenberg.
=260  \\$aLondon :$bColumbia Tristar Home Video,$cc1999.
=300  \\$a1 DVD (96 min.) :$bsd., col. ;$c4 3/4 in.
=500  \\$aAnamorphic widescreen, aspect ratio 1.85:1.
=500  \\$aDolby Digital 2.0 Surround.
=500  \\$aDVD video release of the film produced in 1996.
=500  \\$aOptional language soundtrack (in Dolby Digital 5.1): Spanish.
=500  \\$aOptional subtitles: English, Spanish.
=500  \\$aSpecial features: Theatrical trailer.
=508  \\$aCredits: Music, Howard Shore ; director of photography, Peter Suschitzky ; production designer, Carol Spier ; editor, Ronald Sanders ; costume designer, Denise Cronenberg.
=511  0\$aCast: James Spader, Holly Hunter, Elias Koteas, Deborah Kara Unger, Rosanna Arquette, Peter MacNeill, Yolande Julian, Cheryl Swarts.
=520  \\$aAdvertising executive James Ballard and his wife Catherine lead complex, if hollow sexual lives. However, after being involved in a near fatal car crash with Dr Helen Remington, Ballard finds himself being drawn into a provocative exploration of the connections between danger, sex and death - and, as his involvement deepens, Ballard and Catherine discover new and increasingly disturbing ways of expressing love.
=521  \\$aUK Cert. 18.
=538  \\$aPAL Region 2.
=650  \0$aFeature films.
=700  1\$aArquette, Rosanna,$d1959-
=700  1\$aBallard, J. G.,$d1930-2009.
=700  1\$aCronenberg, David,$d1943-
=700  1\$aHunter, Holly,$d1958-
=700  1\$aJulian, Yolande.
=700  1\$aKoteas, Elias,$d1961-
=700  1\$aMacNeill, Peter.
=700  1\$aShore, Howard.
=700  1\$aSpader, James.
=700  1\$aSuschitzky, Peter.
=700  1\$aSwarts, Cheryl.
=700  1\$aUnger, Deborah Kara.

