=LDR  01207cam a2200361 a 4500
=001  015744765
=003  UkOxU
=005  20131204095120.0
=008  040513r20041994enk\\\\\\\\\\\000\0deng\d
=015  \\$aGB A4-X2361
=020  \\$a0099458209 (pbk.)
=020  \\$a9780099458203 (pbk.)
=035  \\$aBNB2793.216
=040  \\$aBDS$dUkOxU
=082  0\$a615.32$222
=100  1\$aHuxley, Aldous,$d1894-1963.
=245  14$aThe doors of perception ; and, Heaven and hell /$cAldous Huxley ; with a foreword by J.G. Ballard ; and a biographical introduction by David Bradshaw.
=260  \\$aLondon :$bVintage,$c2004.
=300  \\$axviii, 123 p. ;$c20 cm.
=490  1\$aVintage classics
=500  \\$aOriginally published: London: Flamingo, 1994.
=650  \0$aMescaline.
=650  \0$aPeyote.
=650  \0$aVisions.
=700  1\$aBallard, J. G.,$d1930-2009.
=700  1\$aBradshaw, David,$d1955-
=700  12$aHuxley, Aldous,$d1894-1963.$tHeaven and hell.
=830  \0$aVintage classics (London, England)

