=LDR  00625pam a2200217 a 4500
=001  015755702
=003  UkOxU
=005  20041026092552.0
=008  010508r20011965enk\\\\\\\\\\\000\1\eng\d
=015  \\$aGB A1-27870
=020  \\$a0007115180
=035  \\$aBNB2640.431
=040  \\$aDB/U-1
=082  0\$a823.914$221
=100  1\$aBallard, J. G.,$d1930-2009.$1http://viaf.org/viaf/9842556$4http://rdaregistry.info/Elements/w/object/P10061
=245  14$aThe drought /$cJ.G. Ballard.
=250  \\$aFlamingo sixties classic ed.
=260  \\$aLondon :$bFlamingo,$c2001.
=300  \\$avi, 232 p. ;$c18 cm.
=500  \\$aOriginally published: London: Jonathan Cape, 1965.

