=LDR  00668cam a2200217 a 4500
=001  015763022
=003  UkOxU
=005  20041109114852.0
=008  030603r20011987enk\\\\\\\\\\\000\1\eng\d
=020  \\$a0006545947
=035  \\$a(UkLCURL)e00003345728
=049  \\$jCU$k700003345728$le
=100  1\$aBallard, J. G.,$d1930-2009.$1http://viaf.org/viaf/9842556$4http://rdaregistry.info/Elements/w/object/P10061
=245  14$aThe day of creation /$cJ.G. Ballard.
=260  \\$aLondon :$bFlamingo,$c2001.
=300  \\$a287 p. ;$c20 cm.
=490  1\$aFlamingo modern classic
=500  \\$aOriginally published: London : Victor Gollancz, 1987.
=830  \0$aModern classic.

