=LDR  00809pam a2200265 a 4500
=001  015763926
=003  UkOxU
=005  20041110140459.0
=008  010723r20011993enk\\\\\\\\\\\000\1\eng\d
=015  \\$aGB A1-Z1912
=020  \\$a0007116861
=035  \\$aBNB2651.480
=040  \\$aBDS
=082  0\$a823.914$221
=100  1\$aBallard, J. G.,$d1930-2009.$1http://viaf.org/viaf/9842556$4http://rdaregistry.info/Elements/w/object/P10061
=245  14$aThe atrocity exhibition /$cJ.G. Ballard ; preface by William Burroughs.
=250  \\$aRev., expanded, annotated ed.
=260  \\$aLondon :$bFlamingo,$c2001.
=300  \\$aviii, 184 p. ;$c20 cm.
=500  \\$aThis ed. originally published: 1993.
=650  \0$aPhysicians$vFiction.
=830  \0$aModern classic.

