=LDR  00545nam a2200181 a 4500
=001  015801118
=003  UkOxU
=005  20050207150402.0
=008  050207r20012000enk\\\\\\\\\\\000\1\eng\d
=020  \\$a0006551602
=100  1\$aBallard, J. G.,$d1930-2009.$1http://viaf.org/viaf/9842556$4http://rdaregistry.info/Elements/w/object/P10061
=245  10$aSuper-Cannes /$cJ.G. Ballard.
=260  \\$aLondon :$bFlamingo,$c2001.
=300  \\$a391 p ;;$c20 cm.
=500  \\$aFirst published: 2000.
=650  \0$aWomen physicians$zFrance$zRiviera$vFiction.
=651  \0$aRiviera (France)$vFiction.

