=LDR  00550cam a2200157 a 4500
=001  015815272
=003  UkOxU
=005  20050304163555.0
=008  050304s1985\\\\enk\\\\\\\\\\\000\1\eng\c
=100  1\$aBallard, J. G.,$d1930-2009.$1http://viaf.org/viaf/9842556$4http://rdaregistry.info/Elements/w/object/P10061
=240  10$aEmpire of the sun$1http://viaf.org/viaf/180997771
=245  10$aEmpire of the sun /$cJ.G. Ballard.
=260  \\$aLondon :$bGuild ;$bBook Club Associates by arrangement with Victor Gollancz,$c1985.
=300  \\$a278 p. ;$c24 cm.
=650  \0$aBoys$zChina$zShanghai$vFiction.
=650  \0$aWorld War, 1939-1945$zChina$zShanghai$vFiction.

