=LDR  00499nam a2200169 a 4500
=001  015817865
=003  UkOxU
=005  20050311112641.0
=008  050311r20011994enk\\\\\\\\\\\000\1\eng\d
=020  \\$a0006548148
=100  1\$aBallard, J. G.,$d1930-2009.$1http://viaf.org/viaf/9842556$4http://rdaregistry.info/Elements/w/object/P10061
=245  10$aRushing to paradise /$cJ.G. Ballard.
=260  \\$aLondon :$bFlamingo,$c2001.
=300  \\$a238 p. ;$c20 cm
=500  \\$aFirst published: London : Flamingo, 1994.
=830  \0$aModern classic.

