=LDR  00631nam a2200217 a 4500
=001  015830566
=003  UkOxU
=005  20050411142613.0
=008  981102r20011973enk\\\\\\\\\\\000\1\eng\d
=015  \\$aGB 98-V0828
=020  \\$a0099273586
=035  \\$aBNB2520.378
=040  \\$aBDS
=082  0\$a823.914$221
=100  1\$aBallard, J. G.,$d1930-2009.$1http://viaf.org/viaf/9842556$4http://rdaregistry.info/Elements/w/object/P10061
=245  10$aVermilion Sands /$cJ.G. Ballard.
=260  \\$aLondon :$bVintage,$c2001.
=300  \\$a208 p. ;$c20 cm.
=500  \\$aOriginally published: London : Jonathan Cape, 1973.

