=LDR  00567cam a2200193 a 4500
=001  015947643
=003  UkOxU
=005  20050914155032.0
=008  030603r20021965enk\\\\\\\\\\\000\1\eng\d
=020  \\$a0586089969
=035  \\$a(UkLCURL)e00003432716
=049  \\$jCU$k700003432716$le
=100  1\$aBallard, J. G.,$d1930-2009.$1http://viaf.org/viaf/9842556$4http://rdaregistry.info/Elements/w/object/P10061
=245  14$aThe drought /$cJ.G. Ballard.
=260  \\$aLondon :$bFlamingo,$c2002.
=300  \\$a232 p. ;$c20 cm.
=500  \\$aOriginally published: Jonathan Cape, 1965.
=830  \0$aModern classic.

