=LDR  00571nam a2200217 a 4500
=001  016033497
=003  UkOxU
=005  20060331160613.0
=008  020426r20021988enk\\\\\\\\\\\000\1\eng\d
=015  \\$aGB A2-30549
=020  \\$a0006548199
=035  \\$aBNB2690.195
=082  0\$a823.914$221
=100  1\$aBallard, J. G.,$d1930-2009.$1http://viaf.org/viaf/9842556$4http://rdaregistry.info/Elements/w/object/P10061
=240  10$aRunning Wild$1http://viaf.org/viaf/481153289950332770009
=245  10$aRunning wild /$cJ. G. Ballard.
=260  \\$aLondon :$bFlamingo,$c2002.
=300  \\$a105 p. ;$c22 cm.
=650  \0$aMurder$xInvestigation$vFiction.
=650  \0$aParricide$vFiction.
=830  \0$aModern classic.

