=LDR  00550nam a2200181 a 4500
=001  016113758
=003  UkOxU
=005  20061005113504.0
=008  061005r20062001enk\\\\\\\\\\\000\j\eng\d
=020  \\$a0007242298 (v.1)
=020  \\$a0007245769 (v.2)
=100  1\$aBallard, J. G.,$d1930-2009.$1http://viaf.org/viaf/9842556$4http://rdaregistry.info/Elements/w/object/P10061
=245  14$aThe complete short stories /$cJ.G. Ballard.
=260  \\$aLondon :$bHarper Perennial,$c2006.
=300  \\$a2 v. ;$c20 cm.
=500  \\$aOriginally published: Flamingo, 2001 in one volume.

