=LDR  00687cam a2200229 a 4500
=001  016235727
=003  UkOxU
=005  20070307142030.0
=008  030127r20031975enk\\\\\\\\\\\000\1\eng\d
=015  \\$aGB A3-Z2483
=020  \\$a0007162979
=035  \\$aBNB2763.364
=040  \\$aBDS
=082  0\$a823.914$221
=100  1\$aBallard, J. G.,$d1930-2009.$1http://viaf.org/viaf/9842556$4http://rdaregistry.info/Elements/w/object/P10061
=240  10$aHigh-rise$1http://viaf.org/viaf/308016990
=245  10$aHigh-rise /$cJ.G. Ballard.
=260  \\$aLondon :$bFlamingo,$c2003.
=300  \\$a198 p. ;$c18 cm.
=500  \\$aOriginally published: London : Jonathan Cape, 1975.
=650  \0$aHigh-rise apartment buildings$xSocial aspects$vFiction.
=830  \0$aFlamingo seventies classic

