=LDR  01055cam a2200313 a 4500
=001  016659315
=003  UkOxU
=005  20080225165440.0
=008  071009s2008\\\\enka\\\\\\\\\\001\0aeng\\
=015  \\$aGBA783546$2bnb
=016  7\$a014100194$2Uk
=020  \\$a0007270720 (hbk.)
=020  \\$a9780007270729 (hbk.)
=035  \\$a(OCoLC)ocn175283644$z(OCoLC)175283644
=040  \\$aUKM$cUKM$dYDXCP$dBTCTA$dBWKUK
=050  \4$aPR6052.A46$bA3 2008
=082  04$a823.914$222
=100  1\$aBallard, J. G.,$d1930-2009.$1http://viaf.org/viaf/9842556$4http://rdaregistry.info/Elements/w/object/P10061
=245  10$aMiracles of life :$bShanghai to Shepperton, an autobiography /$cJ.G. Ballard.
=260  \\$aLondon :$bFourth Estate,$c2008.
=300  \\$aviii, 278 p. :$bill. ;$c23 cm.
=500  \\$aIncludes index.
=600  10$aBallard, J. G.,$d1930-2009.
=650  \0$aNovelists, English$y20th century$vBiography.
=650  \0$aWorld War, 1939-1945$xInfluence.

