=LDR  00814pam a2200253 a 4500
=001  016738769
=003  UkOxU
=005  20080828172507.0
=008  080526s2008\\\\enkac\\\\\\\\\000\0aeng\d
=015  \\$aGBA872796$2bnb
=020  \\$a0007272340 (pbk.)
=020  \\$a9780007272341 (pbk.)
=035  \\$a(Uk)014632838
=040  \\$aStDuBDS$dUkOxU
=042  \\$aukscp
=082  04$a823.914$222
=100  1\$aBallard, J. G.,$d1930-2009.$1http://viaf.org/viaf/9842556$4http://rdaregistry.info/Elements/w/object/P10061
=245  10$aMiracles of life :$bShanghai to Shepperton : an autobiography /$cJ.G. Ballard.
=260  \\$aLondon :$bHarper Perennial,$c2008.
=300  \\$a278 p. :$bill., ports. ;$c20 cm.
=500  \\$aOriginally published: London : Fourth Estate, 2008.
=600  10$aBallard, J. G.,$d1930-2009.
=650  \0$aNovelists, English$y20th century$vBiography.

