=LDR  00929nam a2200253 a 4500
=001  016987926
=003  UkOxU
=005  20100517102634.0
=008  090601r20081984enkb\\\\\\\\\\000\1\eng\d
=020  \\$a9780007268405 (pbk.)
=100  1\$aBallard, J. G.,$d1930-2009.$1http://viaf.org/viaf/9842556$4http://rdaregistry.info/Elements/w/object/P10061
=240  10$aEmpire of the sun$1http://viaf.org/viaf/180997771
=245  10$aEmpire of the sun /$cJ.G. Ballard.
=260  \\$aLondon :$bHarper Perennial,$c2008.
=300  \\$a351, 31 p. :$bmap ;$c20 cm.
=490  1\$aThe Perennial collection - Prizewinners, bestsellers, modern classics.
=500  \\$aOriginally published: 1984.
=500  \\$aThirty one pages extras including interview with the author and biographical information.
=650  \0$aBoys$zChina$zShanghai$vFiction.
=650  \0$aBritish$zChina$zShanghai$vFiction.
=650  \0$aWorld War, 1939-1945$zChina$zShanghai$vFiction.
=651  \0$aShanghai (China)$vFiction.
=830  \0$aPerennial collection.

