=LDR  01191cam a2200373 a 4500
=001  017005611
=003  UkOxU
=005  20090720114347.0
=008  050824r20061984enk\\\\\\\\\\\000\1\eng\\
=015  \\$aGBA594639$2bnb
=020  \\$a0007221525 (pbk.) :$c£7.99
=020  \\$a9780007221523 (pbk.) :$c£7.99
=035  \\$a(Uk)013332131
=035  \\$a(UkLCURL)72013332131
=038  \\$aUk
=040  \\$aStDuBDS$beng$cStDuBDS$dUk
=042  \\$aukblsr
=049  \\$jCU$k72013332131$lb
=082  04$a823.914$222
=090  \\$aBLI$bH.2006/1736
=100  1\$aBallard, J. G.,$d1930-2009.$1http://viaf.org/viaf/9842556$4http://rdaregistry.info/Elements/w/object/P10061
=240  10$aEmpire of the sun$1http://viaf.org/viaf/180997771
=245  10$aEmpire of the sun /$cJ.G. Ballard.
=260  \\$aLondon :$bHarper Perennial,$c2006.
=300  \\$a351 p. ;$c20 cm.
=490  1\$aHarper Perennial modern classics
=500  \\$aFormerly CIP.$5Uk
=500  \\$aOriginally published: London: Gollancz, 1984.
=650  \0$aBoys$zChina$zShanghai$vFiction.
=650  \0$aBritish$zChina$zShanghai$vFiction.
=650  \0$aWorld War, 1939-1945$zChina$zShanghai$vFiction.
=651  \0$aShanghai (China)$vFiction.
=655  \0$aBildungsromans.
=830  \0$aHarper Perennial modern classics.

