=LDR  00886pam a2200301 a 4500
=001  017005653
=003  UkOxU
=005  20100507152348.0
=008  050824r20061962enk\\\\\\\\\\\000\1\eng\\
=015  \\$aGBA594641$2bnb
=020  \\$a0007221835 (pbk.) :$c£7.99
=020  \\$a9780007221837 (pbk.) :$c£7.99
=035  \\$a(IeDuTC)IeDuTCb14130176
=035  \\$a(Uk)013332133
=035  \\$a(UkLCURL)72013332133
=038  \\$aUk
=040  \\$aStDuBDS$dIeDuTC$dUk
=042  \\$aukscp
=049  \\$jCU$k72013332133$lb
=082  04$a823.914$222
=090  \\$aBLI$bH.2007/1821
=100  1\$aBallard, J. G.,$d1930-2009.$1http://viaf.org/viaf/9842556$4http://rdaregistry.info/Elements/w/object/P10061
=245  14$aThe drowned world /$cJ.G. Ballard.
=260  \\$aLondon :$bHarper Perennial,$c2006.
=300  \\$a175, 16 p. ;$c20 cm.
=500  \\$aOriginally published: London: Gollancz, 1962.

