=LDR  00739cam a2200241 i 4500
=001  017015273
=003  UkOxU
=005  20141202165939.0
=008  090615t20092009sp\\\\\\\b\\\\000\0bspa\d
=020  \\$a8498890292$qpaperback
=020  \\$a9788498890297$qpaperback
=040  \\$erda$beng$dUkOxU
=100  1\$aCapanna, Pablo,$d1939-$eauthor.
=245  10$aJ. G. Ballard :$bel tiempo desolado /$cPablo Capanna.
=264  \1$aMadrid :$bAlamut,$c[2009].
=264  \4$c©2009
=300  \\$a256 pages ;$c22 cm
=336  \\$atext$2rdacontent
=337  \\$aunmediated$2rdamedia
=338  \\$avolume$2rdacarrier
=504  \\$aIncludes bibliographical references.
=600  10$aBallard, J. G.,$d1930-2009$xCriticism and interpretation.

