=LDR  00959pam a2200313 a 4500
=001  017101603
=003  UkOxU
=005  20091203120028.0
=008  070216r20072006enk\\\\\\\\\\\000\1\eng\d
=015  \\$aGBA718213$2bnb
=020  \\$a0007232470 (pbk.) :$c£7.99
=020  \\$a9780007232475 (pbk.) :$c£7.99
=035  \\$a(Uk)013688749
=035  \\$a(UkLCURL)72013688749
=038  \\$aUk
=040  \\$aStDuBDS$beng$cStDuBDS$dUk
=042  \\$aukblcatcopy
=049  \\$jCU$k72013688749$lb
=082  04$a823.914$222
=090  \\$aBLI$bH.2007/4797
=100  1\$aBallard, J. G.,$d1930-2009.$1http://viaf.org/viaf/9842556$4http://rdaregistry.info/Elements/w/object/P10061
=240  10$aKingdom Come$1http://viaf.org/viaf/3952163159958701640003
=245  10$aKingdom come /$cJ.G. Ballard.
=260  \\$aLondon :$bHarper Perennial,$c2007.
=300  \\$a280 p. ;$c20 cm.
=500  \\$aFormerly CIP.$5Uk
=500  \\$aOriginally published: London: Fourth Estate, 2006.
=650  \0$aConsumption (Economics)$xSocial aspects$zEngland$vFiction.
=655  \7$aDystopias.$2gsafd

