=LDR  03616cam a2200289 a 4500
=001  017103567
=003  UkOxU
=005  20111020123015.0
=008  090511s2009\\\\nyuc\\\\\\\\\\000\j\eng\\
=010  \\$a2009018456
=020  \\$a0393072622 (hbk.)
=020  \\$a9780393072624 (hbk.)
=035  \\$a(OCoLC)ocn317919480$z(OCoLC)317919480
=040  \\$aDLC$cDLC$dBTCTA$dXII$dWIM$dORX$dC#P$dYDXCP$dBWX
=043  \\$ae-uk---
=050  00$aPR6052.A46$bA6 2009
=082  00$a823/.914$222
=100  1\$aBallard, J. G.,$d1930-2009.$1http://viaf.org/viaf/9842556$4http://rdaregistry.info/Elements/w/object/P10061
=240  10$aShort stories
=245  14$aThe complete stories of J.G. Ballard /$c[J.G. Ballard ; introduction by Martin Amis].
=250  \\$a1st American ed.
=260  \\$aNew York ;$aLondon :$bW.W. Norton,$c2009.
=300  \\$axv, 1199 p. :$bport. ;$c25 cm.
=500  \\$aPrevious ed. published in Great Britain as: The complete short stories. London : Flamingo, 2001.
=505  00$tIntroduction /$rby Martin Amis --$gAuthor's introduction --$tPrima belladonna --$tEscapement --$tThe concentration city --$tVenus smiles --$tManhole 69 --$tTrack 12 --$tThe waiting grounds --$tNow : zero --$tThe sound-sweep --$tZone of terror --$tChronopolis --$tThe voices of time --$tThe last world of Mr. Goddard --$tStudio 5, the stars --$tDeep end --$tThe overloaded man --$tMr. F is Mr. F --$tBillennium --$tThe gentle assassin --$tThe insane ones --$tThe garden of time --$tThe thousand dreams of Stellavista --$tThirteen to Centaurus --$tPassport to eternity --$tThe cage of sand --$tThe watch-towers --$tThe singing statues --$tThe man on the 99th floor --$tThe subliminal man --$tThe reptile enclosure --$tA question of re-entry --$tThe time-tombs --$tNow wakes the sea --$tThe Venus hunters --$tEnd-game --$tMinus one --$tThe sudden afternoon --$tThe screen game --$tTime of passage --$tPrisoner of the coral deep --$tThe lost Leonardo --$tThe terminal beach --$tThe illuminated man --$tThe delta at sunset --$tThe drowned giant --$tThe Gioconda of the twilight noon --$tThe volcano dances --$tThe beach murders --$tThe day of forever --$tThe impossible man --$tStorm-bird, storm-dreamer --$tTomorrow is a million years --$tThe assassination of John Fitzgerald Kennedy considered as a downhill motor race --$tCry hope, cry fury! --$tThe recognition --$tThe cloud-sculptors of Coral D --$tWhy I want to fuck Ronald Reagan --$tThe dead astronaut --$tThe Comsat angels --$tThe killing ground --$tA place and a time to die --$tSay goodbye to the wind --$tThe greatest television show on earth --$tMy dream of flying to Wake Island --$tThe air disaster --$tLow-flying aircraft --$tThe life and death of God --$tNotes towards a mental breakdown --$tThe 60 minute zoom --$tThe smile --$tThe ultimate city --$tThe dead time --$tThe index --$tThe intensive care unit --$tTheatre of war --$tHaving a wonderful time --$tOne afternoon at Utah Beach --$tZodiac 2000 --$tMotel architecture --$tA host of furious fancies --$tNews from the sun --$tMemories of the space age --$tMyths of the near future --$tReport on an unidentified space station --$tThe object of the attack --$tAnswers to a quesionnaire --$tThe man who walked on the moon --$tThe secret history of World War 3 --$tLove in a colder climate --$tThe enormous space --$tThe largest theme park in the world --$tWar fever --$tDream cargoes --$tA guide to virtual death --$tThe message from Mars --$tReport from an obscure planet --$tNew stories for the American edition --$tThe secret autobiography of J.G.B. --$tThe dying fall.
=651  \0$aGreat Britain$xSocial life and customs$y20th century$vFiction.

