=LDR  00950cam a2200325 a 4500
=001  017146376
=003  UkOxU
=005  20100216170053.0
=008  040604s2008\\\\enk\\\\\\\\\\\000\1\eng\\
=020  \\$a0006551610
=020  \\$a9780006551614
=035  \\$a(OCoLC)55589562
=035  \\$a(OCoLC)ocm55589562
=035  \\$a(UkDhU)b21476731
=035  \\$a(UkLCURL)18b21476731
=038  \\$aOCoLC
=040  \\$aIEKBA$cIEKBA$dOCLCQ$dYDXCP$dOCLCG$dUkDhU
=049  \\$jCU$k18b21476731$lo$m2
=084  \\$a829.3
=090  \\$aDur$b829.3 BAL
=100  1\$aBallard, J. G.,$d1930-2009.$1http://viaf.org/viaf/9842556$4http://rdaregistry.info/Elements/w/object/P10061
=245  10$aMillennium people /$cJ. G. Ballard.
=260  \\$aLondon :$bHarper Perennial,$c2008.
=300  \\$a294 p. ;$c21 cm.
=650  \0$aMiddle class$zGreat Britain$vFiction.
=650  \0$aPolitical activists$vFiction.
=650  \0$aPolitical violence$vFiction.
=650  \0$aProtest movements$vFiction.
=650  \0$aPsychologists$vFiction.

