=LDR  00985cam a2200337 a 4500
=001  017155821
=003  UkOxU
=005  20100205084709.0
=008  080417r20081974enk\\\\\\\\\\\000\1\eng\d
=015  \\$aGBA872852$2bnb
=020  \\$a0007287046 (pbk.) :$c£7.99
=020  \\$a9780007287048 (pbk.) :$c£7.99
=035  \\$a(Uk)014632894
=035  \\$a(UkLCURL)72014632894
=038  \\$aUk
=040  \\$aStDuBDS$beng$cStDuBDS$dUk
=042  \\$aukblsr
=049  \\$jCU$k72014632894$lb
=082  04$a823.914$222
=090  \\$aBLI$bH.2009/500
=100  1\$aBallard, J. G.,$d1930-2009.$1http://viaf.org/viaf/9842556$4http://rdaregistry.info/Elements/w/object/P10061
=240  10$aConcrete Island$1http://viaf.org/viaf/174604532
=240  10$aConcrete Island$1http://viaf.org/viaf/174604532
=245  10$aConcrete Island /$cJ.G. Ballard.
=260  \\$aLondon :$bHarper Perennial,$c2008.
=300  \\$a176, 28 p. ;$c20 cm.
=500  \\$aFormerly CIP.$5Uk
=500  \\$aOriginally published: London: Cape, 1974.
=650  \0$aArchitects$vFiction.
=650  \0$aSurvival$vFiction.
=650  \0$aTraffic accident victims$vFiction.
=650  \0$aTraffic accidents$vFiction.

