=LDR  00983pam a2200325 a 4500
=001  017156063
=003  UkOxU
=005  20140226153654.0
=008  080416r20081973enk\\\\\\\\\\\000\1\eng\d
=015  \\$aGBA872850$2bnb
=020  \\$a000728702X (pbk.) :
=020  \\$a9780007287024 (pbk.) :
=035  \\$a(Uk)014632892
=035  \\$a(UkLCURL)72014632892
=038  \\$aUk
=040  \\$aStDuBDS$beng$cStDuBDS$dUk$dUkOxU
=042  \\$aukblsr
=049  \\$jCU$k72014632892$lb
=082  04$a823.914$222
=090  \\$aBLI$bH.2009/671
=100  1\$aBallard, J. G.,$d1930-2009.$1http://viaf.org/viaf/9842556$4http://rdaregistry.info/Elements/w/object/P10061
=240  10$aCrash$1http://viaf.org/viaf/305922109
=245  10$aCrash /$cJ.G. Ballard.
=260  \\$aLondon :$bHarper Perennial,$c2008.
=300  \\$a185, 30 p. ;$c20 cm.
=500  \\$aFormerly CIP.$5Uk
=500  \\$aOriginally published: London: Jonathan Cape, 1973.
=650  \0$aTraffic accident victims$xPsychology$vFiction.
=650  \0$aTraffic accident victims$xSexual behavior$vFiction.
=650  \0$aTraffic accidents$vFiction.

