=LDR  00910cam a2200313 a 4500
=001  017179564
=003  UkOxU
=005  20100316234635.0
=008  060317r20061987enk\\\\\\\\\\\000\1\eng\\
=015  \\$aGBA642031$2bnb
=020  \\$a0007227892 (pbk.) :$c£7.99
=020  \\$a9780007227891 (pbk.) :$c£7.99
=035  \\$a(Uk)013454390
=035  \\$a(UkLCURL)72013454390
=038  \\$aUk
=040  \\$aStDuBDS$beng$cStDuBDS$dUk
=042  \\$aukblsr
=049  \\$jCU$k72013454390$lb
=082  04$a823.914$222
=090  \\$aBLI$bH.2006/4481
=100  1\$aBallard, J. G.,$d1930-2009.$1http://viaf.org/viaf/9842556$4http://rdaregistry.info/Elements/w/object/P10061
=245  14$aThe day of creation /$cJ.G. Ballard.
=260  \\$aLondon :$bHarper Perennial,$c2006.
=300  \\$a287 p. ;$c20 cm.
=500  \\$aFormerly CIP.$5Uk
=500  \\$aOriginally published: London: Gollancz, 1987.
=650  \0$aPhysicians$zAfrica$vFiction.
=651  \0$aAfrica, Central$vFiction.

