=LDR  00523pam a2200181 a 4500
=001  017186850
=003  UkOxU
=005  20100324095525.0
=008  100324r20061993enk\\\\\\\\\\\000\1\eng\d
=020  \\$a0007116861 (pbk.)
=020  \\$a9780007116867 (pbk.)
=100  1\$aBallard, J. G.,$d1930-2009.$1http://viaf.org/viaf/9842556$4http://rdaregistry.info/Elements/w/object/P10061
=245  14$aThe atrocity exhibition /$cJ.G. Ballard.
=260  \\$aLondon :$bHarper Perennial,$c2006.
=300  \\$a184 p. ;$c20 cm.
=500  \\$aThis ed. originally published: 1993.
=650  \0$aPhysicians$vFiction.

