=LDR  00487nam a2200169 a 4500
=001  017187163
=003  UkOxU
=005  20100324151106.0
=008  100324r20061975enk\\\\\\\\\\\000\1\eng\d
=020  \\$a0586044566 (pbk.)
=020  \\$a9780586044568 (pbk.)
=100  1\$aBallard, J. G.,$d1930-2009.$1http://viaf.org/viaf/9842556$4http://rdaregistry.info/Elements/w/object/P10061
=240  10$aHigh-rise$1http://viaf.org/viaf/308016990
=245  10$aHigh-rise /$cJ.G. Ballard.
=260  \\$aLondon :$bHarper Perennial,$c2006.
=300  \\$a173 p. ;$c20 cm.
=500  \\$aOriginally published: London : Jonathan Cape, 1975.

