=LDR  00452nam a2200157 a 4500
=001  017211988
=003  UkOxU
=005  20100430140903.0
=008  100430r20081966enk\\\\\\\\\\\000\1\eng\d
=020  \\$a9780586024195 (pbk.)
=100  1\$aBallard, J. G.,$d1930-2009.$1http://viaf.org/viaf/9842556$4http://rdaregistry.info/Elements/w/object/P10061
=245  14$aThe crystal world /$cJ.G. Ballard.
=260  \\$aLondon :$bHarper Perennial,$c2008.
=300  \\$a175 p. ;$c20 cm.
=500  \\$aOriginally published: Jonathan Cape, 1966.

