=LDR  00781cam a2200277 a 4500
=001  017214477
=003  UkOxU
=005  20100507152510.0
=008  080522r20081979enk\\\\\\\\\\\000\1\eng\\
=015  \\$aGBA877098$2bnb
=020  \\$a9780586089958 (pbk.)
=035  \\$a(Uk)014624379
=035  \\$a(UkLCURL)72014624379
=038  \\$aUk
=040  \\$aUk$beng$cUk
=042  \\$aukblsr
=049  \\$jCU$k72014624379$lb
=082  04$a823.92$222
=090  \\$aBLI$bH.2008/2534
=100  1\$aBallard, J. G.,$d1930-2009.$1http://viaf.org/viaf/9842556$4http://rdaregistry.info/Elements/w/object/P10061
=245  14$aThe Unlimited Dream Company /$cJ. G. Ballard.
=260  \\$aLondon :$bHarperPerennial,$c2008.
=300  \\$a220, 16 p. ;$c20 cm.
=500  \\$aIncludes 16 p. interview section.
=500  \\$aOriginally published by Jonathan Cape, 1979.

