=LDR  00635cam a2200229 a 4500
=001  017218504
=003  UkOxU
=005  20100517120824.0
=008  080522r20081965enk\\\\\\\\\\\000\1\eng\\
=015  \\$aGBA877101$2bnb
=020  \\$a9780586089965 (pbk.)
=035  \\$a(Uk)014624400
=040  \\$aUk$beng$cUk
=042  \\$aukblsr
=082  04$a823.92$222
=100  1\$aBallard, J. G.,$d1930-2009.$1http://viaf.org/viaf/9842556$4http://rdaregistry.info/Elements/w/object/P10061
=245  14$aThe drought /$cJ. G. Ballard.
=260  \\$aLondon :$bHarperPerennial,$c2008.
=300  \\$a232, 12 p. ;$c21 cm.
=500  \\$aIncludes 12 p. notes section.
=500  \\$aOriginally published: Jonathan Cape, 1965.

