=LDR  00449nam a2200157 a 4500
=001  017259545
=003  UkOxU
=005  20100730084310.0
=008  100730r20081994enk\\\\\\\\\\\000\1\eng\\
=020  \\$a9780006548140 (pbk.)
=100  1\$aBallard, J. G.,$d1930-2009.$1http://viaf.org/viaf/9842556$4http://rdaregistry.info/Elements/w/object/P10061
=245  10$aRushing to paradise /$cJ.G. Ballard.
=260  \\$aLondon :$bHarper Perennial,$c2008.
=300  \\$a238 p. ;$c20 cm.
=500  \\$aOriginally published: Flamingo, 1994.

