=LDR  01251cam a2200301 a 4500
=001  017349901
=003  UkOxU
=005  20120329144507.0
=008  101208s2010\\\\enka\\\\\bc\\\000\0\eng\d
=020  \\$a9781935263074
=040  \\$aUkOxU$beng$cUkOxU
=245  00$aCrash :$bHomage to J G Ballard /$c[Editors Mark Francis and Kay Pallister].
=246  30$aHomage to J G Ballard
=260  \\$aLondon :$bGagosian Gallery,$c2010.
=300  \\$a198 p. (some folded) :$bill. (chiefly col.) ;$c30 cm.
=500  \\$aBound in plastic cover with two-pronged metal slide fastener.
=500  \\$aIncludes texts by J.G. Ballard.
=500  \\$aPublished on the occasion of the exhibition ... 11 February - 1 April 2010, Gagosian Gallery, London.
=501  \\$aIncludes loose photographs held in plastic pouch on front and rear cover.
=504  \\$aIncludes bibliographical references.
=600  10$aBallard, J. G.,$d1930-2009$xInfluence$vExhibitions.
=650  \0$aArt, Modern$y20th century$vExhibitions.
=650  \0$aArt, Modern$y21st century$vExhibitions.
=700  1\$aBallard, J. G.,$d1930-2009.
=700  1\$aFrancis, Mark,$d1952-
=700  1\$aPallister, Kay
=710  2\$aGagosian Gallery (London, England)

