=LDR  01561ngm a2200445 a 4500
=001  017659888
=003  UkOxU
=005  20120329150557.0
=007  vd\cvaizu
=008  110608s2004\\\\enk100\\\\\\\\\\\\vleng\d
=035  \\$a(UkLCURL)10001133972
=035  \\$a(UkLUC)001133972
=038  \\$aUkLCURL
=040  \\$aUkLUC$cUkLUC$dUkOxU
=049  \\$jCU$k10001133972$lc
=090  \\$aUCL$bISSUE DESK DVD 727
=130  0\$aLondon Orbital (2002)
=245  10$aLondon Orbital.
=260  \\$a[England] :$bIlluminations,$cc2004.
=300  \\$a1 DVD (100 min.) :$bsd., col. ;$c4 3/4 in.
=336  \\$atodimensjonalt levende bilde$2rdacontent$0http://rdaregistry.info/termList/RDAContentType/1023
=337  \\$avideo$2rdamedia$0http://rdaregistry.info/termList/RDAMediaType/1008
=338  \\$avideoplate$2rdacarrier$0http://rdaregistry.info/termList/RDACarrierType/1060
=380  \\$afilmverk$0https://schema.nb.no/Bibliographic/Values/V1002
=500  \\$aOriginally released as a motion picture: 2002.
=500  \\$aTitle from disc label.
=508  \\$aDirectors, cinematographers, Iain Sinclair, Chris Petit; producer, Keith Griffiths; editor, Emma Matthews.
=511  0\$aFeaturing: J.G. Ballard, Renchi Bicknell, Nick Ferrari, Rachel Lichtenstein, Bernard O. Mahoney, Effie Paleologou, John Sergeant, Liat Uziel, John Whomes.
=538  \\$aWidescreen DVD PAL.
=651  \0$aLondon Orbital Motorway (England)
=700  1\$aBallard, J. G.,$d1930-2009.
=700  1\$aBicknell, Renchi.
=700  1\$aFerrari, Nick.
=700  1\$aGriffiths, Keith,$d1947-
=700  1\$aLichtenstein, Rachel,$d1969-
=700  1\$aMahoney, Bernard O.
=700  1\$aMatthews, Emma,$cfilm editor.
=700  1\$aPaleologou, Effie.
=700  1\$aPetit, Christopher.
=700  1\$aSergeant, John.
=700  1\$aSinclair, Iain,$d1943-
=700  1\$aUziel, Liat.
=700  1\$aWhomes, John.

