=LDR  00327nam a22001095a 4500
=001  017878414
=003  UkOxU
=005  20111101162108.0
=008  111101s1969\\\\enk\\\\\\\\\\\|||\|\eng\d
=245  04$aThe inner landscape /$cMervyn Peake, J. G. Ballard, Brian W. Aldiss.
=260  \\$aLondon :$bAllison & Busby,$c1969.

