=LDR  00847nam a2200265 a 4500
=001  019310566
=003  UkOxU
=005  20120614121306.0
=008  120410s2011\\\\it\\\\\\\b\\\\000\0\ita\d
=020  \\$a9788874186563 :$c14.00 EUR.
=035  \\$a(ItFiC)it 12111996
=040  \\$aItFiC$beng$cItFiC$dUkOxU
=043  \\$ae-uk
=045  \\$ax4x-
=050  \4$aPR
=082  14$a823$221
=100  1\$aBrioni, Simone.
=245  13$aIl futuro quotidiano :$bsaggi su J. G. Ballard /$cSimone Brioni ; con una prefazione di Paolo Simonetti.
=260  \\$aCivitavecchia :$bProspettiva,$c2011.
=300  \\$a150 p. ;$c20 cm.
=490  1\$aCostellazione Orione ;$v67
=504  \\$aIncludes bibliographical references.
=600  10$aBallard, J. G.,$d1930-2009$xCriticism and interpretation.
=830  \0$aCostellazione Orione ;$v67.

