=LDR  01284cam a2200385 a 4500
=001  019409836
=003  UkOxU
=005  20130301102933.0
=008  120503s2012\\\\enk\\\\\\\\\\\001\0deng\d
=015  \\$aGBB246800$2bnb
=016  \\$a016086021$2Uk
=020  \\$a0007454856 (hbk.)
=020  \\$a9780007454853 (hbk.)
=035  \\$a(OCoLC)794136107
=035  \\$a(OCoLC)ocn794136107
=035  \\$a(StEdNL)4912722
=035  \\$a(UkLCURL)704912722
=038  \\$aOCoLC
=040  \\$aUKMGB$beng$cUKMGB$dYDXCP$dNDD$dNLE$dUkOxU
=049  \\$jCU$k704912722$lo
=050  \4$aPR6052.A46$bZ598 2012
=082  04$a823.914$223
=090  \\$aNLS$bHB2.213.2.853
=100  1\$aBallard, J. G.,$d1930-2009.$1http://viaf.org/viaf/9842556$4http://rdaregistry.info/Elements/w/object/P10059
=245  10$aExtreme metaphors :$bselected interviews with J.G. Ballard, 1967-2008 /$cedited by Simon Sellars and Dan O'Hara.
=260  \\$aLondon :$bFourth Estate,$cc2012.
=300  \\$axxiii, 503 p. ;$c24 cm.
=500  \\$aIncludes index.
=600  10$aBallard, J. G.,$d1930-2009$vInterviews.
=650  \0$aNovelists, English$y20th century$vInterviews.
=650  \0$aNovelists, English$y21st century$vInterviews.
=700  1\$aO'Hara, Daniel Finbarr John,$d1972-
=700  1\$aSellars, Simon.

