=LDR  01110nam a2200313 i 4500
=001  019664467
=003  UkOxU
=005  20140226153931.0
=008  130906s2011\\\\enk\\\\\\\\\\\000\0\eng\d
=020  \\$a000728702X (pbk.)
=020  \\$a9780007287024 (pbk.)
=035  \\$a(OCoLC)857720198
=040  \\$aVMY$beng$erda$cVMY$dUkOxU
=050  \4$aPR6052.A46$bC7 2011
=100  1\$aBallard, J. G.,$d1930-2009,$eauthor.$1http://viaf.org/viaf/9842556$4http://rdaregistry.info/Elements/w/object/P10061
=240  10$aCrash$1http://viaf.org/viaf/305922109
=245  10$aCrash /$cJ.G. Ballard.
=264  \1$aLondon :$bFourth Estate,$c2011.
=264  \4$c©1973.
=300  \\$a185, 30 pages ;$c20 cm.
=336  \\$atext$2rdacontent
=337  \\$aunmediated$2rdamedia
=338  \\$avolume$2rdacarrier
=500  \\$aIncludes section: P.S. : ideas, interviews, features, with a short biography of Ballard and a discussion of his work, especially this novel.
=600  10$aBallard, J. G.,$d1930-2009.
=650  \0$aObsessive-compulsive disorder$vFiction.
=650  \0$aTraffic accident victims$xPsychology$vFiction.
=650  \0$aTraffic accident victims$xSexual behavior$vFiction.
=650  \0$aTraffic accidents$vFiction.

