=LDR  01159nam a22003491i 4500
=001  019683176
=003  UkOxU
=005  20180220010702.0
=008  130917r20142012enk\\\\\\\\\\\001\0\eng|d
=015  \\$aGBB3A0613$2bnb
=016  7\$a016536302$2Uk
=020  \\$a9780007454860 (pbk.) :$c£10.99
=035  \\$a(Uk)016536302
=040  \\$aStDuBDS$beng$erda$cStDuBDS$dUk
=042  \\$aukblsr
=082  04$a823.914$223
=100  1\$aBallard, J. G.,$d1930-2009,$eauthor.$1http://viaf.org/viaf/9842556$4http://rdaregistry.info/Elements/w/object/P10059
=240  10$aWorks.$kSelections
=245  10$aExtreme metaphors :$bselected interviews with J.G. Ballard, 1967-2008 /$cedited by Simon Sellars and Dan O'Hara.
=264  \1$aLondon :$bFourth Estate,$c2014.
=300  \\$a503 pages ;$c20 cm
=336  \\$atext$2rdacontent
=337  \\$aunmediated$2rdamedia
=338  \\$avolume$2rdacarrier
=500  \\$aFormerly CIP.$5Uk
=500  \\$aIncludes index.
=500  \\$aOriginally published: 2012.
=600  10$aBallard, J. G.,$d1930-2009$vInterviews.
=650  \0$aAuthors, English$y20th century$vInterviews.
=700  1\$aO'Hara, Daniel Finbarr John,$d1972-$eeditor.
=700  1\$aSellars, Simon,$eeditor.

