=LDR  01055cam a2200337 i 4500
=001  020540924
=003  UkOxU
=005  20171005083129.0
=008  160419t20161971enk\\\\\\\\\\\000\j\eng\\
=015  \\$aGBB7B6597$2bnb
=016  7\$a017808221$2Uk
=020  \\$a9781784870997$qpaperback
=035  \\$a(Uk)017808221
=040  \\$aUk$beng$erda$cUk$dUkOxU
=042  \\$aukblsr
=082  04$a823.914$223
=100  1\$aBallard, J. G.,$d1930-2009,$eauthor.$1http://viaf.org/viaf/9842556$4http://rdaregistry.info/Elements/w/object/P10061
=240  10$aShort stories.$kSelections
=245  10$aVermilion Sands /$cJ.G. Ballard.
=264  \1$aLondon :$bVintage,$c[2016?]
=264  \4$c©1971
=300  \\$a208 pages ;$c18 cm. +$e1 sheet of acetate.
=336  \\$atext$2rdacontent
=337  \\$aunmediated$2rdamedia
=338  \\$avolume$2rdacarrier
=490  1\$aVintage future
=500  \\$a1 sheet of acetate, which animates cover art, attached to inside front cover.
=500  \\$aOriginally published: London : Jonathan Cape, 1973.
=650  \0$aDystopias$vFiction.
=830  \0$aVintage future.

