=LDR  01601aam a22004091a 4500
=001  020583366
=003  UkOxU
=005  20171009233627.0
=006  m\\\\||\\d\|\\\\\\
=007  cr\|||||||||||
=008  120628s2014\\\\xna\\\\\o\\\\\000\1\eng\\
=015  \\$aGBB6F6382$2bnb
=020  \\$a000738291X$q(electronic bk.)
=020  \\$a9780007382910$q(electronic bk.)
=020  \\$z000738291X
=035  \\$a(Uk)017847370
=037  \\$a9780007382910$bHarperCollins Publishers Ltd
=040  \\$aNz$beng$cNZAUC$dTEFOD$dTEF$dTEFOD$dOCLCQ$dUk
=042  \\$aukblsr
=050  \4$aPR6052.A46
=082  04$a823.914$223
=100  1\$aBallard, J. G.,$d1930-2009.$1http://viaf.org/viaf/9842556$4http://rdaregistry.info/Elements/w/object/P10061
=240  10$aHigh-rise$1http://viaf.org/viaf/308016990
=245  10$aHigh-rise /$cJ.G. Ballard.
=260  \\$a[Sydney] :$bFourth Estate,$c2014.
=300  \\$a1 online resource.
=336  \\$atext$2rdacontent
=337  \\$acomputer$2rdamedia
=338  \\$aonline resource$2rdacarrier
=500  \\$aFiction.
=506  1\$aLegal Deposit;$cOnly available on premises controlled by the deposit library and to one user at any one time;$eThe Legal Deposit Libraries (Non-Print Works) Regulations (UK).$5UkOxU
=540  \\$aRestricted: Printing from this resource is governed by The Legal Deposit Libraries (Non-Print Works) Regulations (UK) and UK copyright law currently in force.$5UkOxU
=650  \0$aFiction in English.
=650  \0$aHigh-rise apartment buildings$xSocial aspects$vFiction.
=650  \0$aRegression (Psychology)$vFiction.
=650  \7$aFiction$xGeneral.$2bisacsh
=655  \4$aElectronic books.
=876  \\$0ark:/81055/vdc_100031193941.0x000001$aark:/81055/vdc_100031193869.0x000001

