=LDR  01770pam a22004211i 4500
=001  020885104
=003  UkOxU
=005  20191023224054.0
=006  m\\\\||\\d\|\\\\\\
=007  cr\|||||||||||
=008  170313r20171973enk\\\\\o\\\\\000|f|eng|d
=015  \\$aGBB745514$2bnb
=020  \\$a9780008257316 (ePub ebook) :$c£19.59
=035  \\$a(Uk)018263881
=037  \\$a9780008257316$bHarperCollins Publishers Ltd
=040  \\$aStDuBDS$beng$erda$epn$cStDuBDS$dUk
=042  \\$aukblsr
=082  04$a823.914$223
=100  1\$aBallard, J. G.,$d1930-2009,$eauthor.$1http://viaf.org/viaf/9842556$4http://rdaregistry.info/Elements/w/object/P10061
=240  10$aCrash$1http://viaf.org/viaf/305922109
=245  10$aCrash /$cJ.G. Ballard ; edited by Chris Beckett.
=250  \\$aEPub edition.
=264  \1$aLondon :$b4th Estate,$c2017.
=300  \\$a1 online resource.
=336  \\$atext$2rdacontent
=337  \\$acomputer$2rdamedia
=338  \\$aonline resource$2rdacarrier
=500  \\$aAcademic
=500  \\$aPreviously issued in print: London: Jonathan Cape, 1973.
=506  1\$aLegal Deposit;$cOnly available on premises controlled by the deposit library and to one user at any one time;$eThe Legal Deposit Libraries (Non-Print Works) Regulations (UK).$5UkOxU
=540  \\$aRestricted: Printing from this resource is governed by The Legal Deposit Libraries (Non-Print Works) Regulations (UK) and UK copyright law currently in force.$5UkOxU
=588  \\$aDescription based on CIP data; resource not viewed.
=650  \7$aFiction and related items / Modern and contemporary fiction (post c. 1945).$2bicssc
=650  \7$aFiction$xLiterary.$2bisacsh
=650  \7$aFICTION$xLiterary.$2bisacsh
=700  1\$aBeckett, Chris,$d1955-$eeditor.
=776  08$iPrint version :$z9780007287024
=876  \\$0ark:/81055/vdc_100044300962.0x000001$aark:/81055/vdc_100044300609.0x000001

