=LDR  01449aam a22003731i 4500
=001  020986187
=003  UkOxU
=005  20190215000226.0
=006  m\\\\||\\d\|\\\\\\
=007  cr\|||||||||||
=008  170911s2010\\\\xxk||||go\\\\||||\||eng\\
=015  \\$aGBB7H3224$2bnb
=020  \\$a1446420043$q(EPUB)
=020  \\$a9781446420041$q(EPUB)
=035  \\$a(Uk)018511696
=037  \\$aTheRandomHouseGroup173620$bIngram Content Group
=040  \\$aUk$beng$cUk
=042  \\$aukblsr
=082  04$a823.914$221
=100  1\$aBallard, J. G.,$d1930-2009.$1http://viaf.org/viaf/9842556$4http://rdaregistry.info/Elements/w/object/P10061
=245  10$aVermilion Sands /$cJ.G. Ballard.
=264  \1$aLondon :$bVintage Digital,$c2010.
=300  \\$a1 online resource (208 pages).
=336  \\$atext$2rdacontent
=337  \\$acomputer$2rdamedia
=338  \\$aonline resource$2rdacarrier
=500  \\$aAcademic
=506  1\$aLegal Deposit;$cOnly available on premises controlled by the deposit library and to one user at any one time;$eThe Legal Deposit Libraries (Non-Print Works) Regulations (UK).$5UkOxU
=540  \\$aRestricted: Printing from this resource is governed by The Legal Deposit Libraries (Non-Print Works) Regulations (UK) and UK copyright law currently in force.$5UkOxU
=650  \0$aFiction.
=650  \7$aFICTION / Short Stories (single author)$2bisacsh
=650  \7$aFiction.$2fast$0(OCoLC)fst00923709
=876  \\$0ark:/81055/vdc_100048606908.0x000001$aark:/81055/vdc_100048606746.0x000001

