=LDR  02334aam a2200553 i 4500
=001  021073495
=003  UkOxU
=005  20220427183236.0
=006  m\\\\||\\d\|\\\\\\
=007  cr\|||||||||||
=008  150130r20102004enk\\\\\o\\\\\000\0\eng\\
=015  \\$aGBB806242$2bnb
=020  \\$a1407020382$q(ebook)
=020  \\$a9781407020389$q(ebook)
=020  \\$z0099458209$q(paperback)
=020  \\$z9780099458203$q(paperback)
=035  \\$a(Uk)018656035
=037  \\$aTheRandomHouseGroup140699$bIngram Content Group
=040  \\$aUk$beng$erda$cUk
=042  \\$aukblsr
=082  04$a615.7883$223
=100  1\$aHuxley, Aldous,$d1894-1963,$eauthor.
=240  10$aWorks.$kSelections
=245  14$aThe doors of perception ;$band, Heaven and hell /$cAldous Huxley ; with a foreword by J. G. Ballard ; and a biographical introduction by David Bradshaw.
=264  \1$aLondon :$bVintage Books,$c[2010?].
=264  \4$c©1994
=300  \\$a1 online resource.
=336  \\$atext$2rdacontent
=337  \\$acomputer$2rdamedia
=338  \\$aonline resource$2rdacarrier
=490  0\$aVintage Huxley
=500  \\$aAcademic
=500  \\$aOriginally published in this format: 2004.
=500  \\$aThe doors of perception originally published: Chatto & Windus, 1954 ; Heaven and hell originally published: Chatto & Windus, 1956.
=506  1\$aLegal Deposit;$cOnly available on premises controlled by the deposit library and to one user at any one time;$eThe Legal Deposit Libraries (Non-Print Works) Regulations (UK).$5UkOxU
=540  \\$aRestricted: Printing from this resource is governed by The Legal Deposit Libraries (Non-Print Works) Regulations (UK) and UK copyright law currently in force.$5UkOxU
=650  \0$aMescaline.
=650  \0$aMysticism$xHistory.
=650  \0$aVisions.
=650  \7$aHallucinogenic drugs.$2fast$0(OCoLC)fst00950651
=650  \7$aMescaline.$2fast$0(OCoLC)fst01017299
=650  \7$aMysticism.$2fast$0(OCoLC)fst01031629
=650  \7$aVisions.$2fast$0(OCoLC)fst01167909
=655  \4$aElectronic books.
=655  \7$aHistory.$2fast$0(OCoLC)fst01411628
=700  12$aHuxley, Aldous,$d1894-1963.$tDoors of perception.
=700  12$aHuxley, Aldous,$d1894-1963.$tHeaven and hell.
=876  \\$0ark:/81055/vdc_100052528357.0x000001$aark:/81055/vdc_100052528312.0x000001

