=LDR  00795cam a2200217 i 4500
=001  021086594
=003  UkOxU
=005  20180112153524.0
=008  180112t19741962enk\\\\\\\\\\\000\1\eng\d
=020  \\$a0140022295
=040  \\$aUkOxU$beng$erda$cUkOxU
=100  1\$aBallard, J. G.,$d1930-2009,$eauthor.$1http://viaf.org/viaf/9842556$4http://rdaregistry.info/Elements/w/object/P10061
=245  14$aThe drowned world /$cJ.G. Ballard.
=264  \1$aHarmondsworth, Middlesex, England :$bPenguin Books,$c1974
=264  \4$c©1962
=300  \\$a170 pages ;$c18 cm
=336  \\$atext$2rdacontent
=337  \\$aunmediated$2rdamedia
=338  \\$avolume$2rdacarrier
=500  \\$a"First published in the U.S.A. by Berkley Books 1962. Published in Great Britain by Gollancz 1963. Published in Penguin Books 1965. Reprinted 1968, 1974" -- title page verso.

