=LDR  01050cam a2200265 i 4500
=001  021119934
=003  UkOxU
=005  20180207120430.0
=008  180207t19651963enk\\\\\\\\\\\000\1\eng\d
=040  \\$aUkOxU$beng$erda$cUkOxU
=100  1\$aBallard, J. G.,$d1930-2009,$eauthor.$1http://viaf.org/viaf/9842556$4http://rdaregistry.info/Elements/w/object/P10061
=240  10$aShort stories.$kSelections.$f1965
=245  14$aThe four-dimensional nightmare /$cJ.G. Ballard.
=246  1\$aFourdimensional nightmare
=264  \1$aHarmondsworth, Middlesex, England :$bPenguin Books,$c1965
=264  \4$c©1963
=300  \\$a222 pages ;$c19 cm
=336  \\$atext$2rdacontent
=337  \\$aunmediated$2rdamedia
=338  \\$avolume$2rdacarrier
=490  1\$aPenguin books ;$v2345
=500  \\$a"First published by Victor Gollancz 1963. Published in Penguin Books 1965" -- title page verso.
=505  0\$aThe voices of time -- The sound-sweep -- Prima belladonna -- Studio 5, the stars -- The garden of time -- The cage of sand -- The watch-tower -- Chronopolis.
=830  \0$aPenguin books (Series) ;$v2345

