=LDR  01141cam a2200253 i 4500
=001  021119950
=003  UkOxU
=005  20180207120407.0
=008  180207s1977\\\\enk\\\\\\\\\\\000\1\eng\d
=020  \\$a0140023453
=040  \\$aUkOxU$beng$erda$cUkOxU
=100  1\$aBallard, J. G.,$d1930-2009,$eauthor.$1http://viaf.org/viaf/9842556$4http://rdaregistry.info/Elements/w/object/P10061
=240  10$aShort stories.$kSelections.$f1977
=245  14$aThe four-dimensional nightmare /$cJ.G. Ballard.
=246  1\$aFourdimensional nightmare
=264  \1$aHarmondsworth, Middlesex, England :$bPenguin Books,$c1977
=264  \4$c©1977
=300  \\$a210 pages ;$c19 cm
=336  \\$atext$2rdacontent
=337  \\$aunmediated$2rdamedia
=338  \\$avolume$2rdacarrier
=500  \\$a"First published by Victor Gollancz 1963. Published in Penguin Books 1965. Reprinted with the two stories 'Prima Belladonna' and 'Studio 5, The Stars' replaced by 'The Overloaded Man' and 'Thirteen to Centaurus', 1977" -- title page verso.
=505  0\$aThe voices of time -- The sound-sweep -- The overloaded man -- Thirteen to Centaurus -- The garden of time -- The cage of sand -- The watch-tower -- Chronopolis.

