=LDR  00905pam a2200253 i 4500
=001  021201915
=003  UkOxU
=005  20201007153539.0
=008  180531s2014\\\\enk\\\\\\\\\\\000\1\eng\d
=020  \\$a9780007116867$qpaperback
=040  \\$aUkOxU$beng$erda$cUkOxU
=100  1\$aBallard, J. G.,$d1930-2009,$eauthor.$1http://viaf.org/viaf/9842556$4http://rdaregistry.info/Elements/w/object/P10061
=245  14$aThe atrocity exhibition /$cJ.G. Ballard ; preface by William Burroughs ; introduction by Hari Kunzru.
=264  \1$aLondon :$bFourth Estate,$c2014.
=300  \\$axix, 188 pages ;$c20 cm
=336  \\$atext$2rdacontent
=337  \\$aunmediated$2rdamedia
=338  \\$avolume$2rdacarrier
=650  \0$aLiterature, Experimental.
=650  \0$aPhysicians$vFiction.
=700  1\$aBurroughs, William S.,$d1914-1997,$ewriter of preface.
=700  1\$aKunzru, Hari,$d1969-$ewriter of introduction.

