=LDR  01813aam a22004691a 4500
=001  021220220
=003  UkOxU
=005  20180620235522.0
=006  m\\\\||\\d\|\\\\\\
=007  cr\|||||||||||
=008  120628s2014\\\\xna\\\\\o\\\\\000\1\eng\\
=015  \\$aGBB8B0929$2bnb
=020  \\$a0007374895$q(electronic bk.)
=020  \\$a9780007374892$q(electronic bk.)
=035  \\$a(Uk)018901957
=037  \\$auk.co.harpercollins.052493$bIngram Content Group
=040  \\$aNz$beng$cNZAUC$dOCLCO$dTEFOD$dTEF$dOCLCF$dTEFOD$dOCLCQ$dUk
=042  \\$aukblsr
=050  \4$aPZ4.B1893PR6052.A46
=072  \7$aFIC$x028000$2bisacsh
=072  \7$aFIC$x035000$2bisacsh
=072  \7$aFL$2bicssc
=082  04$a823.914$221
=100  1\$aBallard, J. G.$1http://viaf.org/viaf/9842556$4http://rdaregistry.info/Elements/w/object/P10061
=245  14$aThe crystal world /$cJ.G. Ballard.
=260  \\$a[Sydney] :$bFourth Estate,$c2014.
=300  \\$a1 online resource.
=336  \\$atext$2rdacontent
=337  \\$acomputer$2rdamedia
=338  \\$aonline resource$2rdacarrier
=500  \\$aAcademic
=500  \\$aFiction.
=506  1\$aLegal Deposit;$cOnly available on premises controlled by the deposit library and to one user at any one time;$eThe Legal Deposit Libraries (Non-Print Works) Regulations (UK).$5UkOxU
=540  \\$aRestricted: Printing from this resource is governed by The Legal Deposit Libraries (Non-Print Works) Regulations (UK) and UK copyright law currently in force.$5UkOxU
=650  \0$aEnglish fiction.
=650  \7$aEnglish fiction.$2fast$0(OCoLC)fst00910817
=650  \7$aFICTION / Medical$2bisacsh
=650  \7$aFICTION / Science Fiction / General$2bisacsh
=650  \7$aFiction and related items / Science fiction$2bicssc
=655  \4$aElectronic books.
=876  \\$0ark:/81055/vdc_100059945304.0x000001$aark:/81055/vdc_100059945180.0x000001

