=LDR  01611pam a22003851i 4500
=001  021221005
=003  UkOxU
=005  20180613202006.0
=006  m\\\\||\\d\|\\\\\\
=007  cr\|||||||||||
=008  170327s2017\\\\enk\\\\\o\\\\\000|j|eng|d
=015  \\$aGBB756979$2bnb
=020  \\$a9780007513628 (ePub ebook) :$c£4.99
=035  \\$a(Uk)018277852
=037  \\$auk.co.harpercollins.082619$bIngram Content Group
=040  \\$aStDuBDS$beng$erda$epn$cStDuBDS$dUk
=042  \\$aukblsr
=082  04$a823.914$223
=100  1\$aBallard, J. G.,$d1930-2009,$eauthor.$1http://viaf.org/viaf/9842556$4http://rdaregistry.info/Elements/w/object/P10061
=245  14$aThe disaster area /$cJ.G. Ballard.
=250  \\$aePub edition
=264  \1$aLondon :$bCollins Flamingo,$c2017.
=300  \\$a1 online resource.
=336  \\$atext$2rdacontent
=337  \\$acomputer$2rdamedia
=338  \\$aonline resource$2rdacarrier
=500  \\$aAcademic
=506  1\$aLegal Deposit;$cOnly available on premises controlled by the deposit library and to one user at any one time;$eThe Legal Deposit Libraries (Non-Print Works) Regulations (UK).$5UkOxU
=540  \\$aRestricted: Printing from this resource is governed by The Legal Deposit Libraries (Non-Print Works) Regulations (UK) and UK copyright law currently in force.$5UkOxU
=588  \\$aDescription based on CIP data; resource not viewed.
=650  \7$aFICTION / Medical$2bisacsh
=650  \7$aFICTION / Short Stories (single author)$2bisacsh
=650  \7$aFiction and related items / Fiction: special features / Short stories$2bicssc
=876  \\$0ark:/81055/vdc_100059950889.0x000001$aark:/81055/vdc_100059950833.0x000001

