=LDR  00900nam a2200301 i 4500
=001  021654784
=003  UkOxU
=005  20190722130026.0
=008  740621s1966\\\\enk\\\\\\\\\\\000\j\eng\\
=035  \\$a(StGlU)b11049091
=035  \\$a(UkLoRLUK)03
=038  \\$aUkLoRLUK
=040  \\$beng$erda$dUkOxU
=049  \\$jCU$k03b11049091$lc
=100  1\$aBallard, J. G.,$d1930-2009,$eauthor.$1http://viaf.org/viaf/9842556$4http://rdaregistry.info/Elements/w/object/P10061
=245  14$aThe terminal beach /$cJ.G. Ballard.
=264  \1$aHarmondsworth :$bPenguin,$c1966.
=264  \4$c©1964
=300  \\$a224 pages ;$c18 cm
=336  \\$atext$2rdacontent
=337  \\$aunmediated$2rdamedia
=338  \\$avolume$2rdacarrier
=490  1\$aPenguin book ;$v2499
=490  1\$aPenguinb science fiction
=500  \\$aThis collection originally published: London : Victor Gollancz, 1964.
=830  \0$aPenguin books (Series) ;$v2499.
=830  \0$aPenguin science fiction

