=LDR  00987nam a2200325 i 4500
=001  021654790
=003  UkOxU
=005  20190722131035.0
=008  740621r19741966enk\\\\\\\\\\\000\j\eng\\
=015  \\$aGB7415660$2bnb
=020  \\$a0140024999$qpaperback
=040  \\$aUk$erda$cUk$dUkOxU
=082  04$a823/.9/1$218
=100  1\$aBallard, J. G.,$d1930-2009,$eauthor.$1http://viaf.org/viaf/9842556$4http://rdaregistry.info/Elements/w/object/P10061
=245  14$aThe terminal beach /$cJ.G. Ballard.
=264  \1$aHarmondsworth :$bPenguin,$c1974.
=264  \4$c©1964
=300  \\$a224 pages ;$c18 cm
=336  \\$atext$2rdacontent
=337  \\$aunmediated$2rdamedia
=338  \\$avolume$2rdacarrier
=490  1\$aPenguin books
=490  1\$aPenguin science fiction
=500  \\$aThis collection originally published: London : Victor Gollancz, 1964.
=650  \0$aShort stories, English.
=653  \\$aShort stories in English, 1900-$aTexts
=830  \0$aPenguin books (Series)
=830  \0$aPenguin science fiction.

