=LDR  00856nam a2200289 i 4500
=001  021860508
=003  UkOxU
=005  20200129093354.0
=008  740621s1967\\\\enk\\\\\\\\\\\000\1\eng\\
=015  \\$aGB7415564$2bnb
=020  \\$a014002591X$q1974 reprint
=040  \\$aUk$erda$cUk$dUkOxU
=082  04$a823/.9/1$218
=100  1\$aBallard, J. G.,$d1930-2009,$eauthor.$1http://viaf.org/viaf/9842556$4http://rdaregistry.info/Elements/w/object/P10061
=240  10$aThe wind from nowhere$1http://viaf.org/viaf/3869162301514520270000
=245  14$aThe wind from nowhere /$cJ.G. Ballard.
=264  \1$aHarmondsworth :$bPenguin Books,$c1967.
=264  \4$c©1962
=300  \\$a186 pages ;$c18 cm
=336  \\$atext$2rdacontent
=337  \\$aunmediated$2rdamedia
=338  \\$avolume$2rdacarrier
=490  1\$aPenguin science fiction ;$v2591
=500  \\$aFirst published in the U.S.A. 1962.
=830  \0$aPenguin books (Series) ;$v2591
=830  \0$aPenguin science fiction.

