=LDR  00669cam a22002177i 4500
=001  000030479
=003  FI-MELINDA
=005  20141221175735.0
=008  860915s1986\\\\sw\|||||||||||||||||swe||
=020  \\$a91-46-14928-7$qinbunden
=035  \\$a(FI-MELINDA)000030479
=041  1\$aswe$heng
=080  \\$a820$x-31$x=03.20$x=397
=100  0\$aBallard, J. G.$1http://viaf.org/viaf/9842556$4http://rdaregistry.info/Elements/w/object/P10061
=240  10$aEmpire of the sun$1http://viaf.org/viaf/180997771
=245  10$aSolens rike :$broman /$cJ. G. Ballard ; övers. av Hans-Jacob Nilsson.
=260  \\$a[Stockholm] :$bWahlström & Widstrand,$c1986.
=300  \\$a319 s
=336  \\$ateksti$btxt$2rdacontent
=337  \\$akäytettävissä ilman laitetta$bn$2rdamedia
=338  \\$anide$bnc$2rdacarrier

