=LDR  00684cam a22002297i 4500
=001  000031883
=003  FI-MELINDA
=005  20141221180635.0
=008  900425s1989\\\\sw\|||||||||||||||||swe||
=020  \\$a91-582-1265-5$qinbunden
=035  \\$a(FI-MELINDA)000031883
=041  1\$aswe$heng
=080  \\$a820$x-3$x=03.20$x=397
=100  0\$aBallard, J. G.$1http://viaf.org/viaf/9842556$4http://rdaregistry.info/Elements/w/object/P10061
=240  10$aRunning Wild$1http://viaf.org/viaf/481153289950332770009
=245  10$aPangbournemassakern /$cJ.G. Ballard ; övers. av Hans-Jacob Nilsson.
=260  \\$aStockholm :$bLegenda,$c1989.
=300  \\$a92 s. :$bill.
=336  \\$ateksti$btxt$2rdacontent
=337  \\$akäytettävissä ilman laitetta$bn$2rdamedia
=338  \\$anide$bnc$2rdacarrier
=490  0\$aLegenda novella

