=LDR  00707nam a22002414i 4500
=001  000173664
=003  FI-MELINDA
=005  20010520210350.0
=008  980818s1994\\\\xxk|||||||||||||||||eng||
=020  \\$a0-00-654700-1
=035  \\$a(FI-MELINDA)000173664
=041  0\$aeng
=100  1\$aBallard, J. G.$1http://viaf.org/viaf/9842556$4http://rdaregistry.info/Elements/w/object/P10061
=240  10$aEmpire of the sun$1http://viaf.org/viaf/180997771
=245  10$aEmpire of the sun /$cJ. G. Ballard.
=250  \\$a[New ed.].
=260  \\$aLondon :$bFlamingo,$c1994.
=300  \\$a351 s. :$bkarta.
=336  \\$ateksti$btxt$2rdacontent
=337  \\$akäytettävissä ilman laitetta$bn$2rdamedia
=338  \\$anide$bnc$2rdacarrier
=500  \\$aFirst publ. 1984
=650  \7$akrigslitteratur$xengelska$2bella
=650  \7$asotakirjallisuus$xenglannin kieli$2kaunokki

