=LDR  03807cam a2200853 i 4500
=001  000220826
=003  FI-MELINDA
=005  20220214114315.0
=008  991018s1999\\\\fi\|||||||||||||||f|fin|\
=015  \\$afx643088$2skl
=020  \\$a952-9646-63-1$qsidottu
=024  8\$aA0483384
=035  \\$a(FI-MELINDA)000220826
=040  \\$aFI-NL$bfin
=041  1\$afin$heng
=042  \\$afinb
=080  \\$a820$x-3
=084  \\$a84.2$2ykl
=100  1\$aBallard, J. G.$1http://viaf.org/viaf/9842556$4http://rdaregistry.info/Elements/w/object/P10061
=240  10$aHigh-rise,$lsuomi
=245  10$aTornitalo /$cJ. G. Ballard ; [suomentanut Ville Keynäs].
=260  \\$aHelsinki :$bLoki-kirjat,$c1999.
=300  \\$a188 s. ;$c19 cm
=336  \\$ateksti$btxt$2rdacontent
=337  \\$akäytettävissä ilman laitetta$bn$2rdamedia
=338  \\$anide$bnc$2rdacarrier
=600  14$aLaing, Robert$c(fiktiivinen hahmo)
=600  14$aRoyal, Anthony$c(fiktiivinen hahmo)
=600  14$aWilder, Richard$c(fiktiivinen hahmo)
=648  \7$a1990-luku$2yso/fin
=648  \7$a1990-talet$2yso/swe
=650  \7$aarkkitehdit$2kaunokki
=650  \7$aasuinyhteisöt$2yso/fin$0http://www.yso.fi/onto/yso/p13779
=650  \7$abogemenskaper$2yso/swe$0http://www.yso.fi/onto/yso/p13779
=650  \7$adystopiat$xmoraali$xrappio$2kaunokki
=650  \7$afinsk litteratur$2yso/swe$0http://www.yso.fi/onto/yso/p16810
=650  \7$aflervåningshus$2yso/swe$0http://www.yso.fi/onto/yso/p8788
=650  \7$agrannförhållande$2yso/swe$0http://www.yso.fi/onto/yso/p9001
=650  \7$ahenkiinjääminen$xtaistelut$2kaunokki
=650  \7$ailkivalta$2kaunokki
=650  \7$akaaos$2kaunokki
=650  \7$akaupunkiväestö$2yso/fin$0http://www.yso.fi/onto/yso/p18766
=650  \7$akerrostalot$2yso/fin$0http://www.yso.fi/onto/yso/p8788
=650  \7$akerrostalot$xlähiöt$zLontoo$2kaunokki
=650  \7$akonfliktit$xnaapurit$2kaunokki
=650  \7$alääkärit$2kaunokki
=650  \7$amoraali$xrappio$2kaunokki
=650  \7$anaapuruus$2yso/fin$0http://www.yso.fi/onto/yso/p9001
=650  \7$apilvenpiirtäjät$2yso/fin$0http://www.yso.fi/onto/yso/p19207
=650  \7$aromaanit$xkäännökset$xsuomen kieli$xenglannin kieli$2kaunokki
=650  \7$aromaner$xöversättningar$xfinska$xengelska$2bella
=650  \7$asammanhållning$2yso/swe$0http://www.yso.fi/onto/yso/p5522
=650  \7$askyskrapor$2yso/swe$0http://www.yso.fi/onto/yso/p19207
=650  \7$asosiaaliset suhteet$xpilvenpiirtäjät$2kaunokki
=650  \7$astadsbefolkning$2yso/swe$0http://www.yso.fi/onto/yso/p18766
=650  \7$asuomenkielinen kirjallisuus$2yso/fin$0http://www.yso.fi/onto/yso/p16810
=650  \7$asuurkaupungit$xpilvenpiirtäjät$2kaunokki
=650  \7$aunelmat$xasuminen$2kaunokki
=650  \7$ayhteiskuntaluokat$xeriarvoisuus$2kaunokki
=650  \7$ayhteiskuntaluokat$xkonfliktit$2kaunokki
=650  \7$ayhteisöllisyys$2yso/fin$0http://www.yso.fi/onto/yso/p5522
=651  \7$aEngland$2yso/swe$0http://www.yso.fi/onto/yso/p107128
=651  \7$aEnglanti$2yso/fin$0http://www.yso.fi/onto/yso/p107128
=655  \7$akaunokirjallisuus$2slm/fin$0http://urn.fi/URN:NBN:fi:au:slm:s975
=655  \7$amusta huumori$2slm/fin$0http://urn.fi/URN:NBN:fi:au:slm:s270
=655  \7$apsykologiset romaanit$2slm/fin$0http://urn.fi/URN:NBN:fi:au:slm:s604
=655  \7$apsykologiska romaner$2slm/swe$0http://urn.fi/URN:NBN:fi:au:slm:s604
=655  \7$aromaanit$2slm/fin$0http://urn.fi/URN:NBN:fi:au:slm:s518
=655  \7$aromaner$2slm/swe$0http://urn.fi/URN:NBN:fi:au:slm:s518
=655  \7$askönlitteratur$2slm/swe$0http://urn.fi/URN:NBN:fi:au:slm:s975
=655  \7$asvart humor$2slm/swe$0http://urn.fi/URN:NBN:fi:au:slm:s270
=700  1\$aKeynäs, Ville,$ekääntäjä.$0(FI-ASTERI-N)000108428
=710  2\$aLoki-kirjat (yhtiö),$ekustantaja.$0(FI-ASTERI-N)000216267

