=LDR  00839cam a22002774i 4500
=001  000349351
=003  FI-MELINDA
=005  20160811115533.0
=008  000224s2000\\\\xxu|||||||||||||||||eng||
=020  \\$a0-312-28419-5
=020  \\$a0-312-30609-1$qinbunden
=035  \\$a(FI-MELINDA)000349351
=041  0\$aeng
=100  1\$aBallard, J. G.$1http://viaf.org/viaf/9842556$4http://rdaregistry.info/Elements/w/object/P10061
=245  10$aSuper-Cannes /$cJ.G. Ballard.
=260  \\$aNew York :$bPicador,$c2000.
=300  \\$a391 s
=336  \\$ateksti$btxt$2rdacontent
=337  \\$akäytettävissä ilman laitetta$bn$2rdamedia
=338  \\$anide$bnc$2rdacarrier
=650  \0$aHigh technology industries$xFiction.
=650  \0$aIndustrial districts$xFiction.
=650  \0$aMarried people$xFiction.
=650  \0$aWomen physicians$xFiction.
=650  \7$aromaanit$xenglannin kieli$2kaunokki
=650  \7$aromaner$xengelska$2bella

