=LDR  01472cam a2200409 i 4500
=001  000452553
=003  FI-MELINDA
=005  20211113182158.0
=008  880712s1988\\\\fi\|||||||||||||||f|fin||
=015  \\$afx48590$2skl
=020  \\$a951-1-10109-9$qnidottu
=035  \\$a(FI-MELINDA)000452553
=040  \\$aFI-NL$bfin
=041  1\$afin$heng
=042  \\$afinb
=072  \7$a87$2kkaa
=080  \\$a820$x-3$21974/fin/fennica
=084  \\$a84.2$2ykl
=100  1\$aBallard, J. G.$1http://viaf.org/viaf/9842556$4http://rdaregistry.info/Elements/w/object/P10061
=240  10$aEmpire of the sun$1http://viaf.org/viaf/180997771
=245  10$aAuringon valtakunta /$cJ. G. Ballard ; suom. Jussi Nousiainen.
=260  \\$aHelsingissä [Hki] :$bOtava,$c1988$e(Keuruu)
=300  \\$a336 s. ;$c19 cm
=336  \\$ateksti$btxt$2rdacontent
=337  \\$akäytettävissä ilman laitetta$bn$2rdamedia
=338  \\$anide$bnc$2rdacarrier
=490  1\$aTop books
=500  \\$aIlm. ensi kerran suomeksi 1985
=650  \7$afinsk litteratur$2yso/swe$0http://www.yso.fi/onto/yso/p16810
=650  \7$aromaanit$xkäännökset$xsuomen kieli$xenglannin kieli$2kaunokki
=650  \7$aromaner$xöversättningar$xfinska$xengelska$2bella
=650  \7$asuomenkielinen kirjallisuus$2yso/fin$0http://www.yso.fi/onto/yso/p16810
=655  \7$akaunokirjallisuus$2slm/fin$0http://urn.fi/URN:NBN:fi:au:slm:s975
=655  \7$askönlitteratur$2slm/swe$0http://urn.fi/URN:NBN:fi:au:slm:s975
=700  1\$aNousiainen, Jussi$c(kääntäjä)$0(FI-ASTERI-N)000111824
=830  \0$aTop books.

