=LDR  05701cam a22009374i 4500
=001  000466597
=003  FI-MELINDA
=005  20220110144047.0
=008  881011s1988\\\\fi\|||||||||||||||f|fin||
=020  \\$a951-1-09903-5$qsidottu
=035  \\$a(FI-MELINDA)000466597
=040  \\$aFI-NL$bfin
=041  1\$afin$heng
=042  \\$afinb
=050  \4$aPR6052
=072  \7$a87$2kkaa
=080  \\$a820
=080  \\$a820$x-3$21974/fin/fennica
=084  \\$a84.2$2ykl
=100  0\$aBallard, J. G.$1http://viaf.org/viaf/9842556$4http://rdaregistry.info/Elements/w/object/P10061
=240  10$aDay of creation
=245  10$aLuomisen päivä /$cJ. G. Ballard ; suom. Juhani Lindholm.
=260  \\$aHelsinki :$bOtava,$c1988.
=300  \\$a333 s
=336  \\$ateksti$btxt$2rdacontent
=337  \\$akäytettävissä ilman laitetta$bn$2rdamedia
=338  \\$anide$bnc$2rdacarrier
=490  1\$aOtavan kirjasto
=490  1\$aOtavan kirjasto,$v73
=520  \\$a'Tohtori Mallory on saapunut Port-la-Nouvellen kaupunkiin lääkäriksi. Pian hän kuitenkin jättää leipätyönsä ja omistautuu yltiöpäiselle suunnitelmalle. Mallory löytää vesisuonen, joka pienestä purosta paisuu mahtavaksi virraksi. Virraksi joka poistaisi kuivuuden kirouksen, lähteeksi joka muuttaisi Saharan kukoistavaksi keitaaksi... Näin unelmoi tohtori, tuleva sankari ja maailmankuulu hyväntekijä. Mallory pitää virtaa täysin omana luomuksenaan: hän on antanut sille elämän, se on hänen virtansa, hän itse, sen nimi olkoon Mallory. Matkallaan joen alkulähteille Mallory saa kintereilleen omaperäisen joukon: mukana ovat tunteettomalta vaikuttava, viettelevä lapsinainen Noon, sensaatiomaista Afrikka-filmiä suunnitteleva professori Snager ja eläinfarmista huolehtiva Nora Warrender verevine naispalvelijoineen. Vaaralliseksi matkaseura muuttuu, kun mukaan liittyvät kapinallisten armeijan johtajat Kagwa ja Harare. Jokaisella heillä on unelma joesta. Haave joka toteutuessaan muuttaisi kaiken, takaisi itsenäisyyden ja yleisen hyvinvoinnin - ja ennen muuta henkilökohtaisen voiton: rikkauden ja vallan kiihottavat valtikat... Vangitsevasti Ballard kuljettaa lukijaansa alkukantaisen elämän lähteille ja ihmismielen voiman alkujuurille; maisemaan, jonka karuus muuttuu kauneudeksi sitä valaisevan rehellisyyden tähden.' -- (takakansi)
=650  \0$aPhysicians$xfiction.
=650  \0$aWater supply$xfiction.
=650  \7$aelämän synty$2yso/fin$0http://www.yso.fi/onto/yso/p2870
=650  \7$aelämän tarkoitus$2yso/fin$0http://www.yso.fi/onto/yso/p9342
=650  \7$afantasiakirjallisuus$xjoet$zAfrikka$2kaunokki
=650  \7$afinsk litteratur$2yso/swe$0http://www.yso.fi/onto/yso/p16810
=650  \7$ahyväksikäyttö$2yso/fin$0http://www.yso.fi/onto/yso/p5391
=650  \7$aihmisyys$2yso/fin$0http://www.yso.fi/onto/yso/p14396
=650  \7$aitsekkyys$2yso/fin$0http://www.yso.fi/onto/yso/p2893
=650  \7$akaunokirjallisuus$2yso/fin$0http://www.yso.fi/onto/yso/p4
=650  \7$akehitysmaat$2yso/fin$0http://www.yso.fi/onto/yso/p17004
=650  \7$akrig$2yso/swe$0http://www.yso.fi/onto/yso/p1271
=650  \7$akuivuudenkestävyys$2yso/fin$0http://www.yso.fi/onto/yso/p20472
=650  \7$akuivuus$2yso/fin$0http://www.yso.fi/onto/yso/p11092
=650  \7$alääkärit$2yso/fin$0http://www.yso.fi/onto/yso/p6182
=650  \7$aläkare$2yso/swe$0http://www.yso.fi/onto/yso/p6182
=650  \7$alivets mening$2yso/swe$0http://www.yso.fi/onto/yso/p9342
=650  \7$alivets uppkomst$2yso/swe$0http://www.yso.fi/onto/yso/p2870
=650  \7$amänsklighet (egenskap)$2yso/swe$0http://www.yso.fi/onto/yso/p14396
=650  \7$aönskedrömmar$2yso/swe$0http://www.yso.fi/onto/yso/p12781
=650  \7$aromaner$xöversättningar$xfinska$xengelska$2bella
=650  \7$asjälviskhet$2yso/swe$0http://www.yso.fi/onto/yso/p2893
=650  \7$askönlitteratur$2yso/swe$0http://www.yso.fi/onto/yso/p4
=650  \7$asodat$2yso/fin$0http://www.yso.fi/onto/yso/p1271
=650  \7$asuomenkielinen kirjallisuus$2yso/fin$0http://www.yso.fi/onto/yso/p16810
=650  \7$atålighet mot torka$2yso/swe$0http://www.yso.fi/onto/yso/p20472
=650  \7$atorrhet$2yso/swe$0http://www.yso.fi/onto/yso/p11092
=650  \7$aunelmat$2yso/fin$0http://www.yso.fi/onto/yso/p12781
=650  \7$autnyttjande$2yso/swe$0http://www.yso.fi/onto/yso/p5391
=650  \7$autvecklingsländer$2yso/swe$0http://www.yso.fi/onto/yso/p17004
=650  \7$avattentillgångar$2yso/swe$0http://www.yso.fi/onto/yso/p16771
=650  \7$avesivarat$2yso/fin$0http://www.yso.fi/onto/yso/p16771
=650  \7$ayhteiskunnalliset romaani$zAfrikka$2kaunokki
=651  \0$aAfrica, Central.$xFiction.
=651  \0$aSahara.$xFiction.
=651  \7$aAfrika$2yso/swe$0http://www.yso.fi/onto/yso/p94080
=651  \7$aAfrikka$2yso/fin$0http://www.yso.fi/onto/yso/p94080
=651  \7$aSahara$2yso/fin$0http://www.yso.fi/onto/yso/p110694
=651  \7$aSahara$2yso/swe$0http://www.yso.fi/onto/yso/p110694
=655  \7$aallegoriat$2slm/fin$0http://urn.fi/URN:NBN:fi:au:slm:s254
=655  \7$aallegorier$2slm/swe$0http://urn.fi/URN:NBN:fi:au:slm:s254
=655  \7$akaunokirjallisuus$2slm/fin$0http://urn.fi/URN:NBN:fi:au:slm:s975
=655  \7$aromaanit$2slm/fin$0http://urn.fi/URN:NBN:fi:au:slm:s518
=655  \7$aromaner$2slm/swe$0http://urn.fi/URN:NBN:fi:au:slm:s518
=655  \7$asamhällsromaner$2slm/swe$0http://urn.fi/URN:NBN:fi:au:slm:s1031
=655  \7$askönlitteratur$2slm/swe$0http://urn.fi/URN:NBN:fi:au:slm:s975
=655  \7$ayhteiskunnalliset romaanit$2slm/fin$0http://urn.fi/URN:NBN:fi:au:slm:s1031
=700  1\$aLindholm, Juhani,$ekääntäjä.$0(FI-ASTERI-N)000111549
=830  \0$aOtavan kirjasto,$v73.
=830  \0$aOtavan kirjasto.

