=LDR  00564cam a22002057i 4500
=001  001281454
=003  FI-MELINDA
=005  20150624182919.0
=008  910702s1978\\\\xxk|||||||||||||||f|eng||
=020  \\$a0-586-02419-0$qnidottu
=035  \\$a(FI-MELINDA)001281454
=041  0\$aeng
=080  \\$a820
=100  1\$aBallard, J. G.$1http://viaf.org/viaf/9842556$4http://rdaregistry.info/Elements/w/object/P10061
=245  14$aThe crystal world /$cJ. G. Ballard.
=260  \\$aSt Albans :$bTriad/Panther,$c1978.
=300  \\$a175 s
=336  \\$ateksti$btxt$2rdacontent
=337  \\$akäytettävissä ilman laitetta$bn$2rdamedia
=338  \\$anide$bnc$2rdacarrier

