=LDR  00551cam a22002057i 4500
=001  001281456
=003  FI-MELINDA
=005  20150624182920.0
=008  910702r19841965xxk|||||||||||||||f|eng||
=020  \\$a0-224-60952-1$qsidottu
=035  \\$a(FI-MELINDA)001281456
=041  0\$aeng
=080  \\$a820
=100  1\$aBallard, J. G.$1http://viaf.org/viaf/9842556$4http://rdaregistry.info/Elements/w/object/P10061
=245  14$aThe drought /$cJ. G. Ballard.
=260  \\$aLondon :$bCape,$c1984(1965)
=300  \\$a252 s
=336  \\$ateksti$btxt$2rdacontent
=337  \\$akäytettävissä ilman laitetta$bn$2rdamedia
=338  \\$anide$bnc$2rdacarrier

