=LDR  00572cam a22002057i 4500
=001  001281457
=003  FI-MELINDA
=005  20150624182920.0
=008  910702s1974\\\\xxk|||||||||||||||f|eng||
=020  \\$a0-575-01859-3$qsidottu
=035  \\$a(FI-MELINDA)001281457
=041  0\$aeng
=080  \\$a820
=100  1\$aBallard, J. G.$1http://viaf.org/viaf/9842556$4http://rdaregistry.info/Elements/w/object/P10061
=245  14$aThe four-dimensional nightmare /$cby J. G. Ballard.
=260  \\$aLondon :$bGollancz,$c1974.
=300  \\$a197 s
=336  \\$ateksti$btxt$2rdacontent
=337  \\$akäytettävissä ilman laitetta$bn$2rdamedia
=338  \\$anide$bnc$2rdacarrier

