=LDR  00533cam a22001934i 4500
=001  001724172
=003  FI-MELINDA
=005  20141231151526.0
=008  961209s1996\\\\xxk|||||||||||||||||eng||
=020  \\$a0-00-224135-8$qsidottu
=035  \\$a(FI-MELINDA)001724172
=041  0\$aeng
=100  1\$aBallard, J. G.$1http://viaf.org/viaf/9842556$4http://rdaregistry.info/Elements/w/object/P10061
=245  10$aCocaine nights /$cJ. G. Ballard.
=260  \\$aLondon :$bFlamingo,$c1996.
=300  \\$a328 s
=336  \\$ateksti$btxt$2rdacontent
=337  \\$akäytettävissä ilman laitetta$bn$2rdamedia
=338  \\$anide$bnc$2rdacarrier

