=LDR  00691cam a22002174i 4500
=001  002144573
=003  FI-MELINDA
=005  20160915153114.0
=008  001027s1999\\\\xxu|||||||||||||||||eng||
=020  \\$a0-374-52577-3$qpaperback
=035  \\$a(FI-MELINDA)002144573
=041  0\$aeng
=100  1\$aBallard, J. G.$1http://viaf.org/viaf/9842556$4http://rdaregistry.info/Elements/w/object/P10061
=245  14$aThe day of creation /$cJ. G. Ballard.
=260  \\$aNew York :$bFarrar, Straus, Giroux,$c1999.
=300  \\$a253 pages ;$c21 cm
=336  \\$ateksti$btxt$2rdacontent
=337  \\$akäytettävissä ilman laitetta$bn$2rdamedia
=338  \\$anide$bnc$2rdacarrier
=500  \\$aOriginally published: Great Britain : Victor Gollancz, 1987.
=650  \0$aPhysicians$zAfrica$xFiction.

