=LDR  00665cam a22002054i 4500
=001  002225243
=003  FI-MELINDA
=005  20210407001113.0
=008  011119s2001\\\\xxk|||||||||||||||j|eng||
=020  \\$a0-00-712405-8$qsidottu
=035  \\$a(FI-MELINDA)002225243
=041  0\$aeng
=100  1\$aBallard, J. G.$1http://viaf.org/viaf/9842556$4http://rdaregistry.info/Elements/w/object/P10061
=245  14$aThe complete short stories /$cJ.G. Ballard.
=260  \\$aLondon :$bFlamingo,$c2001.
=300  \\$aix, 1189 s. ;$c25 cm
=336  \\$ateksti$btxt$2rdacontent
=337  \\$akäytettävissä ilman laitetta$bn$2rdamedia
=338  \\$anide$bnc$2rdacarrier
=505  \\$aPartial contents: includes four stories that have not previously appeared in a collection

