=LDR  01354cam a22003494i 4500
=001  002297157
=003  FI-MELINDA
=005  20220104085905.0
=008  021009s2003\\\\sw\|||||||||||||||||swe||
=020  \\$a91-7018-491-7
=035  \\$a(FI-MELINDA)002297157
=041  0\$aswe
=084  \\$a86.12$2ykl
=084  \\$a86.1203$2ykl
=100  1\$aHolmberg, John-Henri.
=245  10$aInre landskap och yttre rymd :$bscience fictions historia.$n2,$pFrån J. G. Ballard till Gene Wolfe /$cJohn-Henri Holmberg.
=260  \\$aLund :$bBibliotekstjänst,$c2003.
=300  \\$a621 s. :$bill. ;$c20 cm
=336  \\$ateksti$btxt$2rdacontent
=337  \\$akäytettävissä ilman laitetta$bn$2rdamedia
=338  \\$anide$bnc$2rdacarrier
=648  \4$a1980-2000
=650  \7$aförfattare$2yso/swe$0http://www.yso.fi/onto/yso/p8970
=650  \7$ahistoria$2yso/fin$0http://www.yso.fi/onto/yso/p1780
=650  \7$ahistoria$2yso/swe$0http://www.yso.fi/onto/yso/p1780
=650  \7$akirjailijat$2yso/fin$0http://www.yso.fi/onto/yso/p8970
=650  \7$aScience fiction$xhistoria$2sao
=650  \7$ascience fiction-litteratur$2yso/swe$0http://www.yso.fi/onto/yso/p15527
=650  \7$atieteiskirjallisuus$2yso/fin$0http://www.yso.fi/onto/yso/p15527
=710  2\$aBibliotekstjänst.
=740  0\$aScience fiction historia från J. G. Ballard till Gene Wolfe.

