=LDR  04720cam a2201045 i 4500
=001  002460005
=003  FI-MELINDA
=005  20211014130106.0
=008  060829s2006\\\\fi\|||||||||||||||f|fin|\
=015  \\$afx832755$2skl
=020  \\$a952-471-853-7$qnidottu
=024  8\$aA1090054
=035  \\$a(FI-MELINDA)002460005
=040  \\$aFI-NL$bfin
=041  1\$afin$heng
=042  \\$afinb
=072  \7$a87$2kkaa
=080  \\$a820$x-3$21974/fin/fennica
=084  \\$a84.2$2ykl
=084  9\$aScifi$2ykl
=100  1\$aBallard, J. G.$ekirjoittaja.$1http://viaf.org/viaf/9842556$4http://rdaregistry.info/Elements/w/object/P10061
=240  10$aSuper-Cannes
=245  10$aSuper-Cannes /$cJ. G. Ballard ; suomentanut Hannu Tervaharju.
=250  \\$a2. p.
=260  \\$aHelsinki :$bLike,$c2006$e(Jyväskylä :$fGummerus Kirjapaino)
=300  \\$a441 s. ;$c18 cm
=336  \\$ateksti$btxt$2rdacontent
=337  \\$akäytettävissä ilman laitetta$bn$2rdamedia
=338  \\$anide$bnc$2rdacarrier
=490  1\$aLike-pokkari ;$v[152]
=500  \\$aKirja ilmestyi ensimmäisen kerran suomeksi 2003
=500  \\$aScifi.
=586  \\$aTähtivaeltaja-palkinto, 2004
=600  14$aSinclair, Paul$c(fiktiivinen hahmo)
=650  \0$aHigh technology industries$xFiction.
=650  \0$aIndustrial districts$xFiction.
=650  \0$aMarried people$xFiction.
=650  \0$aWomen physicians$xFiction.
=650  \7$aetiikka$2yso/fin$0http://www.yso.fi/onto/yso/p3166
=650  \7$aetik$2yso/swe$0http://www.yso.fi/onto/yso/p3166
=650  \7$afinsk litteratur$2yso/swe$0http://www.yso.fi/onto/yso/p16810
=650  \7$aforskarsamhällen$2yso/swe$0http://www.yso.fi/onto/yso/p14035
=650  \7$ahögteknologi$2yso/swe$0http://www.yso.fi/onto/yso/p3644
=650  \7$ahuipputekniikka$2yso/fin$0http://www.yso.fi/onto/yso/p3644
=650  \7$ahuipputekniikka$xetiikka$2kaunokki
=650  \7$akaunokirjallisuus$2yso/fin$0http://www.yso.fi/onto/yso/p4
=650  \7$amoraali$2kaunokki
=650  \7$amoraali$2yso/fin$0http://www.yso.fi/onto/yso/p861
=650  \7$amoral$2yso/swe$0http://www.yso.fi/onto/yso/p861
=650  \7$asamhällskritik$2yso/swe$0http://www.yso.fi/onto/yso/p19297
=650  \7$askönlitteratur$2yso/swe$0http://www.yso.fi/onto/yso/p4
=650  \7$astress$2yso/swe$0http://www.yso.fi/onto/yso/p133
=650  \7$astressi$2yso/fin$0http://www.yso.fi/onto/yso/p133
=650  \7$astressi$xväkivalta$2kaunokki
=650  \7$asuomenkielinen kirjallisuus$2yso/fin$0http://www.yso.fi/onto/yso/p16810
=650  \7$ateknologiakeskukset$2yso/fin$0http://www.yso.fi/onto/yso/p6924
=650  \7$ateknologiakeskukset$zRanska$2kaunokki
=650  \7$ateknologicentra$2yso/swe$0http://www.yso.fi/onto/yso/p6924
=650  \7$atiedepuistot$2yso/fin$0http://www.yso.fi/onto/yso/p4239
=650  \7$atiedepuistot$xEden-Olympia$2kaunokki
=650  \7$atiedeyhteisöt$2kaunokki
=650  \7$atiedeyhteisöt$2yso/fin$0http://www.yso.fi/onto/yso/p14035
=650  \7$aväkivalta$2yso/fin$0http://www.yso.fi/onto/yso/p67
=650  \7$avåld$2yso/swe$0http://www.yso.fi/onto/yso/p67
=650  \7$avetenskapsparker$2yso/swe$0http://www.yso.fi/onto/yso/p4239
=650  \7$ayhteiskuntakritiikki$2yso/fin$0http://www.yso.fi/onto/yso/p19297
=650  \7$ayhteiskuntakritiikki$xlänsimaat$2kaunokki
=650  \7$ayli-ihminen$2kaunokki
=651  \7$aFrankrike$2yso/swe$0http://www.yso.fi/onto/yso/p104968
=651  \7$aRanska$2yso/fin$0http://www.yso.fi/onto/yso/p104968
=651  \7$aRiviera$2yso/fin$0http://www.yso.fi/onto/yso/p108122
=651  \7$aRivieran$2yso/swe$0http://www.yso.fi/onto/yso/p108122
=653  \\$aromaanit$aenglannin kieli$asuomenkielinen käännös
=655  \7$adystopiat$2slm/fin$0http://urn.fi/URN:NBN:fi:au:slm:s1011
=655  \7$adystopier$2slm/swe$0http://urn.fi/URN:NBN:fi:au:slm:s1011
=655  \7$akaunokirjallisuus$2slm/fin$0http://urn.fi/URN:NBN:fi:au:slm:s975
=655  \7$apsykologinen jännityskirjallisuus$2slm/fin$0http://urn.fi/URN:NBN:fi:au:slm:s816
=655  \7$apsykologiska thrillers (litteratur)$2slm/swe$0http://urn.fi/URN:NBN:fi:au:slm:s816
=655  \7$ascience fiction-litteratur$2slm/swe$0http://urn.fi/URN:NBN:fi:au:slm:s418
=655  \7$askönlitteratur$2slm/swe$0http://urn.fi/URN:NBN:fi:au:slm:s975
=655  \7$atieteiskirjallisuus$2slm/fin$0http://urn.fi/URN:NBN:fi:au:slm:s418
=655  \7$autopiat$2slm/fin$0http://urn.fi/URN:NBN:fi:au:slm:s149
=655  \7$autopier$2slm/swe$0http://urn.fi/URN:NBN:fi:au:slm:s149
=700  1\$aTervaharju, Hannu,$ekääntäjä.$0(FI-ASTERI-N)000112855
=830  \0$aLike-pokkari ;$v[152]

