=LDR  01682cam a22004094i 4500
=001  002460974
=003  FI-MELINDA
=005  20220420125746.0
=008  071009s2008\\\\xxk||||||||||||||||aeng||
=020  \\$a0007270720$qhardback
=020  \\$a9780007270729$qhardback
=035  \\$a(FI-MELINDA)002460974
=041  0\$aeng
=100  1\$aBallard, J. G.$1http://viaf.org/viaf/9842556$4http://rdaregistry.info/Elements/w/object/P10061
=245  10$aMiracles of life :$bShanghai to Shepperton : an autobiography /$cJ.G. Ballard.
=260  \\$aLondon :$bFourth Estate,$c2008.
=300  \\$aviii, 278 sivua :$bkuvitettu ;$c23 cm
=336  \\$ateksti$btxt$2rdacontent
=337  \\$akäytettävissä ilman laitetta$bn$2rdamedia
=338  \\$anide$bnc$2rdacarrier
=600  14$aBallard, James Graham.
=648  \4$a1939-1945
=648  \7$a1900-luku$2yso/fin
=648  \7$a1900-talet$2yso/swe
=650  \0$aNovelists, English$xBiography$y20th century.
=650  \0$aWorld War, 1939-1945$xInfluence.
=650  \7$aandra världskriget$2yso/swe$0http://www.yso.fi/onto/yso/p8900
=650  \7$aautofiktio$2yso/fin$0http://www.yso.fi/onto/yso/p25824
=650  \7$aautofiktion$2yso/swe$0http://www.yso.fi/onto/yso/p25824
=650  \7$abiografiska romaner$2yso/swe$0http://www.yso.fi/onto/yso/p17968
=650  \7$aelämäkertaromaanit$2yso/fin$0http://www.yso.fi/onto/yso/p17968
=650  \7$akirjallisuus$2yso/fin$0http://www.yso.fi/onto/yso/p8113
=650  \7$alitteratur$2yso/swe$0http://www.yso.fi/onto/yso/p8113
=650  \7$atoinen maailmansota$2yso/fin$0http://www.yso.fi/onto/yso/p8900
=653  \0$aomaelämäkerta
=655  \7$amemoarer$2slm/swe$0http://urn.fi/URN:NBN:fi:au:slm:s286
=655  \7$amuistelmat$2slm/fin$0http://urn.fi/URN:NBN:fi:au:slm:s286

