=LDR  02048cam a22004814i 4500
=001  002517377
=003  FI-MELINDA
=005  20190703191732.0
=008  060123s2005\\\\xxk|||||||||||||||f|eng||
=020  \\$a0-00-720444-2$qnidottu
=035  \\$a(FI-MELINDA)002517377
=041  0\$aeng
=050  \4$aPS3552
=072  \7$a87$2kkaa
=100  1\$aBurroughs, William S.,$ekirjoittaja.
=245  10$aNaked lunch :$bthe restored text /$cWilliam Burroughs ; ed. by James Grauerholz and Barry Miles ; with an introduction by J. G. Ballard.
=260  \\$aLondon :$bHarper Perennial,$c2005.
=300  \\$a289, 20 s
=336  \\$ateksti$btxt$2rdacontent
=337  \\$akäytettävissä ilman laitetta$bn$2rdamedia
=338  \\$anide$bnc$2rdacarrier
=490  1\$aHarper Perennial modern classics
=500  \\$aFirst published by Olympia Press, Paris 1959
=500  \\$aFirst published in Great Britain by John Calder Ltd 1964
=500  \\$aFirst published in the USA and Canada as Naked Lunch: The Restored Text by Grove Press, 2003
=500  \\$aPreviously published as Naked Lunch in paperback by Flamingo 1993 and by Paladin 1986
=650  \0$aAlienation (Social psychology)$xfiction.
=650  \0$aDrug addicts$xfiction.
=650  \0$aDrug withdrawal symptoms$xfiction.
=650  \0$aRecovering addicts$xfiction.
=650  \7$ahomoseksuaalisuus$2yso/fin$0http://www.yso.fi/onto/yso/p1825
=650  \7$ahomosexualitet$2yso/swe$0http://www.yso.fi/onto/yso/p1825
=650  \7$ahuumeet$2yso/fin$0http://www.yso.fi/onto/yso/p5465
=650  \7$akaunokirjallisuus$2yso/fin$0http://www.yso.fi/onto/yso/p4
=650  \7$anarkotika$2yso/swe$0http://www.yso.fi/onto/yso/p5465
=650  \7$askönlitteratur$2yso/swe$0http://www.yso.fi/onto/yso/p4
=650  \7$aunderground$2yso/fin$0http://www.yso.fi/onto/yso/p20148
=650  \7$aunderground$2yso/swe$0http://www.yso.fi/onto/yso/p20148
=700  1\$aBallard, J. G.
=700  1\$aGrauerholz, James.
=700  1\$aMiles, Barry.
=830  \0$aHarper Perennial modern classics.

