=LDR  00639cam a22002297i 4500
=001  002652479
=003  FI-MELINDA
=005  20150103124632.0
=008  841023s1974\\\\xxk|||||||||||||||||eng||
=020  \\$a0-14-002499-9$qnidottu
=035  \\$a(FI-MELINDA)002652479
=041  0\$aeng
=080  \\$a820$x-3
=100  1\$aBallard, J. G.$1http://viaf.org/viaf/9842556$4http://rdaregistry.info/Elements/w/object/P10061
=245  14$aThe terminal beach /$cJ. G. Ballard.
=250  \\$aRepr.
=260  \\$aHarmondsworth :$bPenguin Books,$c1974.
=300  \\$a223 s
=336  \\$ateksti$btxt$2rdacontent
=337  \\$akäytettävissä ilman laitetta$bn$2rdamedia
=338  \\$anide$bnc$2rdacarrier
=500  \\$aLisäpainokset: Repr. 1979.

