=LDR  00586cam a22002177i 4500
=001  002653712
=003  FI-MELINDA
=005  20150812150455.0
=008  820421s1981\\\\xxk|||||||||||||||||eng||
=020  \\$a0-224-01914-7$qsidottu
=035  \\$a(FI-MELINDA)002653712
=041  0\$aeng
=080  \\$a820$x(73)$x-3
=080  \\$a820$x-311.9
=100  1\$aBallard, J. G.$1http://viaf.org/viaf/9842556$4http://rdaregistry.info/Elements/w/object/P10061
=245  10$aHello America /$cJ. G. Ballard.
=260  \\$aLondon :$bCape,$c1981.
=300  \\$a224 s
=336  \\$ateksti$btxt$2rdacontent
=337  \\$akäytettävissä ilman laitetta$bn$2rdamedia
=338  \\$anide$bnc$2rdacarrier

