=LDR  00562cam a22002057i 4500
=001  002659357
=003  FI-MELINDA
=005  20150103131454.0
=008  890228s1988\\\\xxk|||||||||||||||||eng||
=020  \\$a0-586-20100-9$qnidottu
=035  \\$a(FI-MELINDA)002659357
=041  0\$aeng
=080  \\$a820$x-31
=100  1\$aBallard, J. G.$1http://viaf.org/viaf/9842556$4http://rdaregistry.info/Elements/w/object/P10061
=245  14$aThe day of creation /$cJ. G. Ballard.
=260  \\$aLondon :$bGrafton,$c1988.
=300  \\$a287 s
=336  \\$ateksti$btxt$2rdacontent
=337  \\$akäytettävissä ilman laitetta$bn$2rdamedia
=338  \\$anide$bnc$2rdacarrier

