=LDR  00874cam a22002657i 4500
=001  002664223
=003  FI-MELINDA
=005  20150103132948.0
=008  880920s1979\\\\xxu|||||||||||||||||eng||
=020  \\$a0-89370-138-6$qsidottu
=020  \\$a0-89370-238-2$qnidottu
=035  \\$a(FI-MELINDA)002664223
=041  0\$aeng
=080  \\$a82$x-311.9
=080  \\$a82.09
=080  \\$a820$x(73) Ballard
=100  1\$aPringle, David.
=245  10$aEarth is the alien planet :$bJ. G. Ballard's four-dimensional nightmare /$cby David Pringle.
=260  \\$aSan Bernardino, Calif. :$bBorgo,$c1979.
=300  \\$a63 s
=336  \\$ateksti$btxt$2rdacontent
=337  \\$akäytettävissä ilman laitetta$bn$2rdamedia
=338  \\$anide$bnc$2rdacarrier
=490  1\$aThe Milford series, Popular writers of today ;$vVol. 26
=830  \4$aThe Milford series,$pPopular writers of today ;$vVol. 26.

