=LDR  00591cam a22002177i 4500
=001  002672781
=003  FI-MELINDA
=005  20150104230809.0
=008  890123s1987\\\\fi\|||||||||||||||||fin||
=020  \\$a951-1-09903-5$qsidottu
=035  \\$a(FI-MELINDA)002672781
=041  1\$afin$heng
=080  \\$a820$x-31
=100  1\$aBallard, J. G.$1http://viaf.org/viaf/9842556$4http://rdaregistry.info/Elements/w/object/P10061
=240  10$aDay of creation
=245  10$aLuomisen päivä /$cJ. G. Ballard.
=260  \\$aHki :$bOtava,$c1987.
=300  \\$a333 s
=336  \\$ateksti$btxt$2rdacontent
=337  \\$akäytettävissä ilman laitetta$bn$2rdamedia
=338  \\$anide$bnc$2rdacarrier

