=LDR  00610cam a22002174i 4500
=001  002740504
=003  FI-MELINDA
=005  20151228180653.0
=008  941206s1994\\\\xxk|||||||||||||||f|eng||
=020  \\$a0-09-933481-X
=035  \\$a(FI-MELINDA)002740504
=041  0\$aeng
=080  \\$a820$x-3
=100  1\$aBallard, J. G.$1http://viaf.org/viaf/9842556$4http://rdaregistry.info/Elements/w/object/P10061
=240  10$aConcrete Island$1http://viaf.org/viaf/174604532
=240  10$aConcrete Island$1http://viaf.org/viaf/174604532
=245  10$aConcrete island /$cJ.G. Ballard.
=260  \\$aLondon :$bVintage,$c1994.
=300  \\$a176 pages
=336  \\$ateksti$btxt$2rdacontent
=337  \\$akäytettävissä ilman laitetta$bn$2rdamedia
=338  \\$anide$bnc$2rdacarrier
=500  \\$aOriginally published: London : Cape, 1974.

