=LDR  00805cam a22002534i 4500
=001  002743811
=003  FI-MELINDA
=005  20151228182201.0
=008  990301s1998\\\\xxk|||||||||||||1|||eng||
=020  \\$a0-7463-0867-1$qpb
=035  \\$a(FI-MELINDA)002743811
=041  0\$aeng
=080  \\$a820 Ballard
=100  1\$aDelville, Michel.
=245  10$aJ. G. Ballard /$cMichel Delville.
=260  \\$aPlymouth :$bNorthcote House in association with the British Council,$c1998.
=300  \\$ax, 102 p, :$b1 port ;$c22 cm
=336  \\$ateksti$btxt$2rdacontent
=337  \\$akäytettävissä ilman laitetta$bn$2rdamedia
=338  \\$anide$bnc$2rdacarrier
=490  1\$aWriters and their work
=600  10$aBallard, J. G$xCriticism and interpretation.
=710  2\$aBritish Council.
=830  \0$aWriters and their work.

