=LDR  00617cam a22002294i 4500
=001  002946226
=003  FI-MELINDA
=005  20200615150951.0
=008  961217s1984\\\\xxk|||||||||||||||j|eng||
=020  \\$a0-460-02266-0$qnidottu
=035  \\$a(FI-MELINDA)002946226
=041  0\$aeng
=080  \\$a820
=080  \\$a820$x-32
=100  0\$aBallard, J. G.$1http://viaf.org/viaf/9842556$4http://rdaregistry.info/Elements/w/object/P10061
=245  14$aThe voices of time /$cJ. G. Ballard.
=260  \\$aLondon :$bJ. M. Dent,$c1984.
=300  \\$a197 s
=336  \\$ateksti$btxt$2rdacontent
=337  \\$akäytettävissä ilman laitetta$bn$2rdamedia
=338  \\$anide$bnc$2rdacarrier
=490  0\$aEveryman fiction

