=LDR  01226cam a22003257i 4500
=001  003077040
=003  FI-MELINDA
=005  20190704025328.0
=008  861013s1984\\\\xxk|||||||||||||||f|eng||
=020  \\$a0-224-02990-8$qsidottu
=035  \\$a(FI-MELINDA)003077040
=041  0\$aeng
=080  \\$a820
=080  \\$a820$x-3
=100  0\$aBallard, J. G.$1http://viaf.org/viaf/9842556$4http://rdaregistry.info/Elements/w/object/P10061
=240  10$aConcrete Island$1http://viaf.org/viaf/174604532
=240  10$aConcrete Island$1http://viaf.org/viaf/174604532
=245  10$aConcrete island /$cJ. G. Ballard.
=260  \\$aLondon :$bJ. Cape,$c1984.
=300  \\$a176 s
=336  \\$ateksti$btxt$2rdacontent
=337  \\$akäytettävissä ilman laitetta$bn$2rdamedia
=338  \\$anide$bnc$2rdacarrier
=500  \\$aFirst publ. 1974
=650  \7$aengelsk litteratur$2yso/swe$0http://www.yso.fi/onto/yso/p11223
=650  \7$aengelska$2yso/swe$0http://www.yso.fi/onto/yso/p2573
=650  \7$aenglannin kieli$2yso/fin$0http://www.yso.fi/onto/yso/p2573
=650  \7$aenglanninkielinen kirjallisuus$2yso/fin$0http://www.yso.fi/onto/yso/p11223
=655  \7$akaunokirjallisuus$2slm/fin$0http://urn.fi/URN:NBN:fi:au:slm:s975
=655  \7$aromaanit$2slm/fin$0http://urn.fi/URN:NBN:fi:au:slm:s518
=655  \7$aromaner$2slm/swe$0http://urn.fi/URN:NBN:fi:au:slm:s518
=655  \7$askönlitteratur$2slm/swe$0http://urn.fi/URN:NBN:fi:au:slm:s975

