=LDR  01250cam a22003377i 4500
=001  003080997
=003  FI-MELINDA
=005  20201201065859.0
=008  850719s1984\\\\xxk|||||||||||||||f|eng||
=020  \\$a0-575-03483-1
=035  \\$a(FI-MELINDA)003080997
=040  \\$bfin
=041  0\$aeng
=080  \\$a820
=080  \\$a820$x-3
=084  \\$a84.5$2ykl
=100  0\$aBallard, J. G.$1http://viaf.org/viaf/9842556$4http://rdaregistry.info/Elements/w/object/P10061
=240  10$aEmpire of the sun$1http://viaf.org/viaf/180997771
=245  10$aEmpire of the sun /$cJ. G. Ballard.
=260  \\$aLondon :$bGollancz,$c1984.
=300  \\$a278 sivua :$bkuvitettu
=336  \\$ateksti$btxt$2rdacontent
=337  \\$akäytettävissä ilman laitetta$bn$2rdamedia
=338  \\$anide$bnc$2rdacarrier
=650  \7$aengelsk litteratur$2yso/swe$0http://www.yso.fi/onto/yso/p11223
=650  \7$aengelska$2yso/swe$0http://www.yso.fi/onto/yso/p2573
=650  \7$aenglannin kieli$2yso/fin$0http://www.yso.fi/onto/yso/p2573
=650  \7$aenglanninkielinen kirjallisuus$2yso/fin$0http://www.yso.fi/onto/yso/p11223
=655  \7$akaunokirjallisuus$2slm/fin$0http://urn.fi/URN:NBN:fi:au:slm:s975
=655  \7$aromaanit$2slm/fin$0http://urn.fi/URN:NBN:fi:au:slm:s518
=655  \7$aromaner$2slm/swe$0http://urn.fi/URN:NBN:fi:au:slm:s518
=655  \7$askönlitteratur$2slm/swe$0http://urn.fi/URN:NBN:fi:au:slm:s975

