=LDR  01259cam a22003377i 4500
=001  003081204
=003  FI-MELINDA
=005  20190704030133.0
=008  861013s1985\\\\xxk|||||||||||||||j|eng||
=020  \\$a0-586-02307-0$qnidottu
=035  \\$a(FI-MELINDA)003081204
=041  0\$aeng
=080  \\$a820$x-311.9
=080  \\$a820$x-32
=100  0\$aBallard, J. G.$1http://viaf.org/viaf/9842556$4http://rdaregistry.info/Elements/w/object/P10061
=245  14$aThe day of forever /$cJ. G. Ballard.
=250  \\$aRepr.
=260  \\$aLondon :$bPanther,$c1985.
=300  \\$a126 s
=336  \\$ateksti$btxt$2rdacontent
=337  \\$akäytettävissä ilman laitetta$bn$2rdamedia
=338  \\$anide$bnc$2rdacarrier
=500  \\$aFirst publ. 1967
=650  \7$aengelsk litteratur$2yso/swe$0http://www.yso.fi/onto/yso/p11223
=650  \7$aengelska$2yso/swe$0http://www.yso.fi/onto/yso/p2573
=650  \7$aenglannin kieli$2yso/fin$0http://www.yso.fi/onto/yso/p2573
=650  \7$aenglanninkielinen kirjallisuus$2yso/fin$0http://www.yso.fi/onto/yso/p11223
=655  \7$akaunokirjallisuus$2slm/fin$0http://urn.fi/URN:NBN:fi:au:slm:s975
=655  \7$anoveller$2slm/swe$0http://urn.fi/URN:NBN:fi:au:slm:s27
=655  \7$anovellit$2slm/fin$0http://urn.fi/URN:NBN:fi:au:slm:s27
=655  \7$askönlitteratur$2slm/swe$0http://urn.fi/URN:NBN:fi:au:slm:s975

