=LDR  00788cam a22002057i 4500
=001  003127231
=003  FI-MELINDA
=005  20210927163031.0
=008  910923s1987\\\\fi\||||||m\\\|||||||eng||
=035  \\$a(FI-MELINDA)003127231
=041  0\$aeng
=100  1\$aTapio, Juha.
=245  10$aQuest for the sun: the ontological tragicomedy of J. G. Ballard /$cJuha Tapio.
=260  \\$aOulu :$b[J. Tapio],$c1987.
=336  \\$ateksti$btxt$2rdacontent
=337  \\$akäytettävissä ilman laitetta$bn$2rdamedia
=338  \\$anide$bnc$2rdacarrier
=509  \\$aPro gradu -tutkielma :$cOulun yliopisto, Englannin kielen laitos, englannin kieli.
=655  \7$apro gradu -tutkielmat$2slm/fin$0http://urn.fi/URN:NBN:fi:au:slm:s1244
=655  \7$apro gradu-avhandlingar$2slm/swe$0http://urn.fi/URN:NBN:fi:au:slm:s1244

