=LDR  05029cam a22009374i 4500
=001  003353541
=003  FI-MELINDA
=005  20190703230935.0
=008  030611s2002\\\\xxu|||||||||||||1|||eng|c
=020  \\$a0-262-14078-0$qsidottu
=020  \\$a0-262-64047-3$qnidottu
=020  \\$a978-0-262-64047-3
=035  \\$a(FI-MELINDA)003353541
=041  0\$aeng
=245  00$aVision and mind :$bselected readings in the philosophy of perception /$cedited by Alva Noë and Evan Thompson.
=260  \\$aCambridge (Mass.) :$bMIT Press,$ccop. 2002.
=300  \\$ax, 627 sivua :$bkuvitettu ;$c23 cm
=336  \\$ateksti$btxt$2rdacontent
=337  \\$akäytettävissä ilman laitetta$bn$2rdamedia
=338  \\$anide$bnc$2rdacarrier
=500  \\$a"A Bradford book.".
=504  \\$aIncludes bibliographical references and index.
=505  0\$aSelections from Phenomenology of perception / Maurice Merleau-Ponty -- Some remarks about the senses / H. G. Grice -- The intentionality of sensation : a grammatical feature / G. E. M. Anscombe -- A theory of direct visual perception / James J. Gibson -- Perception and its objects / P. F. Strawson -- Perception as hypotheses / Richard L. Gregory -- Veridical hallucination and prosthetic vision / David Lewis -- Perception, vision and causation / Paul Snowdon -- How direct is visual perception? : some reflections on Gibson's "Ecological approach" / Jerry A. Fodor and Zenon W. Pylshyn -- Selections from Vision / David Marr -- Sensation and the content of experience : a distinction / Christopher Peacock -- Linking propositions / David Y. Teller -- Molyneux's question / Garth Evans -- Ways of coloring : comparative color vision as a case study for cognitive science / Evan Thompson, Adrian Palacios, and Francisco J. Varela -- Conscious experience / Fred Dretske -- The content of perceptual experience / John McDowell -- On the function of visual representation / Dana H. Ballard -- Seeing is believing - or is it? / Daniel C. Dennett -- Sensory substitution and qualia / Paul Bach-y-Rita -- The visual brain in action / A. David Milner and Melvyn A. Goodale -- What is a neural correlate of consciousness? / David J. Chalmers -- On the brain-basis of visual consciousness : a sensomotor account / Alva Noë and J. Kevin O'Regan
=650  \0$aPerception (Philosophy)
=650  \7$afilosofi$2yso/swe$0http://www.yso.fi/onto/yso/p1056
=650  \7$afilosofia$2yso/fin$0http://www.yso.fi/onto/yso/p1056
=650  \7$ahavaitseminen$2yso/fin$0http://www.yso.fi/onto/yso/p5293
=650  \7$aiakttagelser$2yso/swe$0http://www.yso.fi/onto/yso/p18975
=650  \7$anäköhavainnot$2yso/fin$0http://www.yso.fi/onto/yso/p18975
=650  \7$aperception$2yso/swe$0http://www.yso.fi/onto/yso/p5293
=650  \7$avisuaalisuus$2yso/fin$0http://www.yso.fi/onto/yso/p20198
=650  \7$avisualitet$2yso/swe$0http://www.yso.fi/onto/yso/p20198
=700  1\$aAnscombe, G. E. M.
=700  1\$aBach-y-Rita, Paul.
=700  1\$aBallard, Dana H.
=700  1\$aChalmers, David J.
=700  1\$aDennett, Daniel C.
=700  1\$aDretske, Fred.
=700  1\$aEvans, Gareth.
=700  1\$aFodor, Jerry A.
=700  1\$aGibson, James J.
=700  1\$aGoodale, Melvyn A.
=700  1\$aGregory, Richard L.
=700  1\$aGrice, H. P.
=700  1\$aLewis, David.
=700  1\$aMarr, David.
=700  1\$aMcDowell, John.
=700  1\$aMerleau-Ponty, Maurice.
=700  1\$aMilner, A. David.
=700  1\$aNoë, Alva.
=700  1\$aO'Regan, J. Kevin.
=700  1\$aPalacios, Adrian.
=700  1\$aPeacocke, Christopher.
=700  1\$aPylshyn, Zenon W.
=700  1\$aSnowdon, Paul.
=700  1\$aStrawson, P. F.
=700  1\$aTeller, Davida Y.
=700  1\$aThompson, Evan.
=700  1\$aVarela, Francisco J.
=740  0\$aConscious experience.
=740  0\$aHow direct is visual perception? : some reflections on Gibson's "Ecological approach".
=740  0\$aLinking propositions.
=740  0\$aMolyneux's question.
=740  0\$aOn the brain-basis of visual consciousness : a sensomotor account.
=740  0\$aOn the function of visual representation.
=740  0\$aPerception and its objects.
=740  0\$aPerception as hypotheses.
=740  0\$aPerception, vision and causation.
=740  0\$aSeeing is believing - or is it?.
=740  0\$aSelections from Phenomenology of perception.
=740  0\$aSelections from Vision.
=740  0\$aSensation and the content of experience : a distinction.
=740  0\$aSensory substitution and qualia.
=740  0\$aSome remarks about the senses.
=740  0\$aVeridical hallucination and prosthetic vision.
=740  0\$aWays of coloring : comparative color vision as a case study for cognitive science.
=740  0\$aWhat is a neural correlate of consciousness?.
=740  2\$aA theory of direct visual perception.
=740  4\$aThe content of perceptual experience.
=740  4\$aThe intentionality of sensation : a grammatical feature.
=740  4\$aThe visual brain in action.

