=LDR  05699cam a22009614i 4500
=001  003357276
=003  FI-MELINDA
=005  20220331112405.0
=008  010524s2002\\\\xxk|||||||||||||||||eng||
=020  \\$a0-7546-0302-4$qsidottu
=035  \\$a(FI-MELINDA)003357276
=041  0\$aeng
=080  \\$a502
=080  \\$a820$x(091)
=245  04$aThe environmental tradition in English literature /$cedited by John Parham.
=260  \\$aAldershot :$bAshgate,$c2002.
=300  \\$axvi, 238 pages ;$c23 cm
=336  \\$ateksti$btxt$2rdacontent
=337  \\$akäytettävissä ilman laitetta$bn$2rdamedia
=338  \\$anide$bnc$2rdacarrier
=500  \\$a"The essays assembled in this collection are, by and large, the fruits of two conferences, the 1997 Literature and Natural Environment Conference (University of Wales, Swansea) and the 1998 Culture and Environmentalism Conference (Bath Spa University College)"--p. xi.
=505  0\$aAfter 'Organic Community' : ecocriticism, nature, and human nature / Martin Ryle -- Beyond 2000 : Raymond Williams and the ecocritic's talk / Dominic Head -- Ecofeminism in literary studies / Naomi Guttman -- Towards a post-pastoral view of British poetry / Terry Gifford -- Postmodern ecocriticism in the science fiction novel : J. G. Ballard and Ken Kesey / Bennett Huffman -- Cosmos as metaphor : eco-spiritual poetics / Paul Davies -- Narratives of resignation : environmentalism in recent fiction / Richard Kerridge -- Ecotopian fiction and the sustainable society / Lisa Garforth -- Making the rocks disappear : refocusing Chaucer's Knight's and Flanklin's Tales / Gillian Rudd -- The commodious ark : nature's voice in early modern poetry / Diane McColley -- 'Founded on the affections' : a romantic ecology / Ralph Pite -- Was there a Victorian ecology? / John Parham -- Letting in the sky : an ecofeminists reading of Virginia Woolf's short fiction / Charlotte Zoë Walker -- Reversing the fall : the sense of place in D. H. Lawrence / Gavin Murray -- Twentieth-century rural poets of Britain and Ireland : ecological voices from the geographical and cultural margins / Andy Jurgis -- Ecocriticism : an annotated bibliography / Jo Rawlinson
=650  \0$aConservation of natural resources in literature.
=650  \0$aEcocriticism$zGreat Britain.
=650  \0$aEcology in literature.
=650  \0$aEnglish literature$xHistory and criticism.
=650  \0$aEnvironmental protection in literature.
=650  \0$aEnvironmentalism$zGreat Britain.
=650  \0$aForests and forestry in literature.
=650  \0$aLandscape in literature.
=650  \0$aNature in literature.
=650  \0$aOutdoor life in literature.
=650  \0$aPhilosophy of nature in literature.
=650  \0$aWilderness areas in literature.
=650  \7$aengelsk litteratur$2yso/swe$0http://www.yso.fi/onto/yso/p11223
=650  \7$aenglanninkielinen kirjallisuus$2yso/fin$0http://www.yso.fi/onto/yso/p11223
=650  \7$ahistoria$2yso/fin$0http://www.yso.fi/onto/yso/p1780
=650  \7$ahistoria$2yso/swe$0http://www.yso.fi/onto/yso/p1780
=650  \7$akaunokirjallisuus$2yso/fin$0http://www.yso.fi/onto/yso/p4
=650  \7$akirjallisuudentutkimus$2yso/fin$0http://www.yso.fi/onto/yso/p1066
=650  \7$akirjallisuus$2yso/fin$0http://www.yso.fi/onto/yso/p8113
=650  \7$alandskap (fysiska helheter)$2yso/swe$0http://www.yso.fi/onto/yso/p1716
=650  \7$alitteratur$2yso/swe$0http://www.yso.fi/onto/yso/p8113
=650  \7$alitteraturvetenskap$2yso/swe$0http://www.yso.fi/onto/yso/p1066
=650  \7$aluonnonsuojelu$2yso/fin$0http://www.yso.fi/onto/yso/p11
=650  \7$aluonto$2yso/fin$0http://www.yso.fi/onto/yso/p13084
=650  \7$amaisema$2yso/fin$0http://www.yso.fi/onto/yso/p1716
=650  \7$anaturen$2yso/swe$0http://www.yso.fi/onto/yso/p13084
=650  \7$anaturskydd$2yso/swe$0http://www.yso.fi/onto/yso/p11
=650  \7$askönlitteratur$2yso/swe$0http://www.yso.fi/onto/yso/p4
=653  \\$aekokritiikki
=700  1\$aDavies, Paul.
=700  1\$aGarforth, Lisa.
=700  1\$aGifford, Terry.
=700  1\$aGuttman, Naomi.
=700  1\$aHead, Dominic.
=700  1\$aHuffman, Bennett.
=700  1\$aJurgis, Andy.
=700  1\$aKerridge, Richard.
=700  1\$aMcColley, Diane.
=700  1\$aMurray, Gavin.
=700  1\$aParham, John.
=700  1\$aPite, Ralph.
=700  1\$aRawlinson, Jo.
=700  1\$aRudd, Gillian.
=700  1\$aRyle, Martin.
=700  1\$aWalker, Charlotte Zoë.
=740  0\$aAfter 'Organic Community' : ecocriticism, nature, and human nature.
=740  0\$aBeyond 2000 : Raymond Williams and the ecocritic's talk.
=740  0\$aCosmos as metaphor : eco-spiritual poetics.
=740  0\$aEcocriticism : an annotated bibliography.
=740  0\$aEcofeminism in literary studies.
=740  0\$aEcotopian fiction and the sustainable society.
=740  0\$a'Founded on the affections' : a romantic ecology.
=740  0\$aLetting in the sky : an ecofeminists reading of Virginia Woolf's short fiction.
=740  0\$aMaking the rocks disappear : refocusing Chaucer's Knight's and Flanklin's Tales.
=740  0\$aNarratives of resignation : environmentalism in recent fiction.
=740  0\$aPostmodern ecocriticism in the science fiction novel : J. G. Ballard and Ken Kesey.
=740  0\$aReversing the fall : the sense of place in D. H. Lawrence.
=740  0\$aTowards a post-pastoral view of British poetry.
=740  0\$aTwentieth-century rural poets of Britain and Ireland : ecological voices from the geographical and cultural margins.
=740  0\$aWas there a Victorian ecology?.
=740  4\$aThe commodious ark : nature's voice in early modern poetry.

