=LDR  12043cam a22020294i 4500
=001  003357813
=003  FI-MELINDA
=005  20190704212253.0
=008  010425s2002\\\\xxk|||||||||||||||||eng||
=020  \\$a1-85317-939-6$qsidottu
=035  \\$a(FI-MELINDA)003357813
=041  0\$aeng
=060  \4$aWM 220
=245  00$aVascular cognitive impairment /$cedited by Timo Erkinjuntti, Serge Gauthier.
=260  \\$aLondon :$bMartin Dunitz,$c2002.
=300  \\$axii, 660 sivua :$bill. ;$c25cm
=336  \\$ateksti$btxt$2rdacontent
=337  \\$akäytettävissä ilman laitetta$bn$2rdamedia
=338  \\$anide$bnc$2rdacarrier
=505  0\$aThe early history of vascular dementia / Gustavo Román -- The concept of vascular cognitive impairment / John V. Bowler and Vladimir Hachinski -- Classification and subtypes of vascular dementia / Anders Wallin, Veronica Milos, Magnus Sjögren, Leonardo Pantoni and Timo Erkinjuntti -- Diagnostic criteria / Timo Erkinjuntti, Gustavo Romain and Helena Chui -- Occurrence and determinants of vascular cognitive impairment / Chengxuan Qiu, Ingmar Skoog and Laura Fratiglioni -- Genetic factors / Helena Schmidt and Reinhold Schmidt -- Large vessel pathology / David G. Muñoz and Didier Leys -- Cerebral small vessel disease : pathological and pathophysiological aspects in relation to vascular cognitive impairment / Leonardo Pantoni and Alistair Lammie -- White matter lesions / Franz Fazekas and Elisabet Englund -- Overlap with Alzheimer's disease / Raj N. Kalaria and Ingmar Skoog -- Neuropsychological examination of memory / Marja Hietanen, Tuomo Hänninen, Ove Almkvist -- Language / Andrew Kertesz -- Cognitive outcome measures in vascular dementia / Steven Ferris and Serge Gauthier -- Assessment of behavioural disturbances and psychiatric symptoms in vascular dementia / Alistair Burns and Charlotte Busby -- Evaluation of daily activities in vascular cognitive impairment / Serge Gauthier and Isabelle Gélinas -- Functional brain imaging / Etsuro Mori -- Structural brain imaging / Charles DeCarli & Philip Scheltens -- Cerebrospinal fluid findings in vascular cognitive impairment with special reference to subcortical vascular dementia / Magnus Sjögren, Anders Wallin and Kaj Blennow -- Differential diagnosis with degenerative dementias / Ian G. McKeith and Juha O. Rinne -- Differential diagnosis with leukodystrophies and non-vascular acquired white matter disorders / Frederik Barkhof and Marjo S. van der Knaap -- The mixed dementias / Kenneth Rockwood -- Transcultural problems in clinical assessment : Japan / Kenichi Meguro and Akira Homma : Singapore / Christopher PL-H Chen : South Korea / Jae-Hong Lee and Hee-Jung Yoo : South America / Raúl Luciano Arizaga -- Natural history of vascular dementia / Arousiak Varpetian, Rumi Gonthier and Helena Chui -- Staging : relevance for trial design in vascular burden of the brain / Barry Reisberg, Steven Ferris, Thet Oo and Emile Franssen -- Prevention / Philip B. Gorelick -- Prevention and treatment of vascular dementia / Kenneth Rockwood, Serge Gauthier and Timo Erkinjuntti -- Pharmacotherapy of mood and behavior symptoms / Edmond Chui, Olga Yastrubetskaya and Monica Williams -- Early and chronic complications of stroke / Jeffrey Minuk, Liam Durcan and Robert Côté -- Regulatory guidelines for antidementia drugs / Tohru Sawada and Peter J. Whitehouse -- Societal burden and pharmacoeconomics of vascular dementia / Anders Wimo, L. Jönsson and Bengrt Winblad -- Vascular cause of cognitive impairment - the perspective / Timo Erkinjuntti and Serge GauthierNeurotransmitter control of the cerebral vasculature and abnormalities in vascular dementia / Jennifer A. Court, Elaine K. Perry and Raj N. Kalaria -- Global cognitive syndromes / David W. Desmond and Florence Pasquier -- Focal stroke syndromes / Gabriel r. de Freitas and Julien Bogousslavsky -- Vascular cognitive impairment and disability / Domenico Inzitari, Anna Maria Basile and Giovanna Carlucci -- Behavioural and psychological symptoms / Clive Ballard and John T. O'Brien -- Associated neurological featurees / Teodoro del Ser and Pablo Martinez-Lage -- The neurological examination in aging, dementia and cerebrovascular disease / David J. Gladstone and Sandra E. Black -- Bedside assessment of vascular dementia / Donald R. Royall -- General approaches to neuropsychological assessment / David W. Desmond -- Neuropsychological examination of executive functions / Kathleen Tingus, Susan McPherson and Jeffrey L. Cummings --
=650  \2$adementia$xvascular
=650  \2$aDementia$xvascular
=650  \7$aaivot$2yso/fin$0http://www.yso.fi/onto/yso/p7040
=650  \7$aaivoverenkiertohäiriöt$2yso/fin$0http://www.yso.fi/onto/yso/p1710
=650  \7$ablodkärlssjukdomar$2yso/swe$0http://www.yso.fi/onto/yso/p1660
=650  \7$acirkulationsstörningar i hjärnan$2yso/swe$0http://www.yso.fi/onto/yso/p1710
=650  \7$ademens$2yso/swe$0http://www.yso.fi/onto/yso/p1711
=650  \7$adementia$2yso/fin$0http://www.yso.fi/onto/yso/p1711
=650  \7$adiagnoosi$2yso/fin$0http://www.yso.fi/onto/yso/p14134
=650  \7$adiagnos$2yso/swe$0http://www.yso.fi/onto/yso/p14134
=650  \7$agenetik$2yso/swe$0http://www.yso.fi/onto/yso/p5147
=650  \7$ahjärna$2yso/swe$0http://www.yso.fi/onto/yso/p7040
=650  \7$ahjärt-kärlsjukdomar$2yso/swe$0http://www.yso.fi/onto/yso/p9886
=650  \7$ahoito$2yso/fin$0http://www.yso.fi/onto/yso/p824
=650  \7$akänslor$2yso/swe$0http://www.yso.fi/onto/yso/p3485
=650  \7$akognitiiviset prosessit$2yso/fin$0http://www.yso.fi/onto/yso/p5283
=650  \7$akognitiva processer$2yso/swe$0http://www.yso.fi/onto/yso/p5283
=650  \7$alääkehoito$2yso/fin$0http://www.yso.fi/onto/yso/p10851
=650  \7$amedicinering$2yso/swe$0http://www.yso.fi/onto/yso/p10851
=650  \7$aneurologi$2yso/swe$0http://www.yso.fi/onto/yso/p17305
=650  \7$aneurologia$2yso/fin$0http://www.yso.fi/onto/yso/p17305
=650  \7$aneuropsykologi$2yso/swe$0http://www.yso.fi/onto/yso/p14664
=650  \7$aneuropsykologia$2yso/fin$0http://www.yso.fi/onto/yso/p14664
=650  \7$apatologi$2yso/swe$0http://www.yso.fi/onto/yso/p7343
=650  \7$apatologia$2yso/fin$0http://www.yso.fi/onto/yso/p7343
=650  \7$aperinnöllisyystiede$2yso/fin$0http://www.yso.fi/onto/yso/p5147
=650  \7$asydän- ja verisuonitaudit$2yso/fin$0http://www.yso.fi/onto/yso/p9886
=650  \7$atunteet$2yso/fin$0http://www.yso.fi/onto/yso/p3485
=650  \7$avård$2yso/swe$0http://www.yso.fi/onto/yso/p824
=650  \7$averisuonitaudit$2yso/fin$0http://www.yso.fi/onto/yso/p1660
=700  1\$aAlmkvist, Ove.
=700  1\$aArizaga, Raúl Luciano.
=700  1\$aBallard, Clive.
=700  1\$aBarkhof, Frederik.
=700  1\$aBasile, Anna Maria.
=700  1\$aBlack, Sandra E.
=700  1\$aBlennow, Kaj.
=700  1\$aBogousslavsky, Julien.
=700  1\$aBowler, John V.
=700  1\$aBurns, Alistair.
=700  1\$aBusby, Charlotte.
=700  1\$aCarlucci, Giovanna.
=700  1\$aChen, Christopher PL-H.
=700  1\$aChui, Edmond.
=700  1\$aChui, Helena.
=700  1\$aCôté, Robert.
=700  1\$aCourt, Jennifer A.
=700  1\$aCummings, Jeffrey L.
=700  1\$aDeCarli, Charles.
=700  1\$aDesmond, David W,.
=700  1\$aDesmond, David W.
=700  1\$aDurcan, Liam.
=700  1\$aEnglund, Elisabet.
=700  1\$aErkinjuntti, Timo.
=700  1\$aFazekas, Franz.
=700  1\$aFerris, Steven.
=700  1\$aFranssen, Emile.
=700  1\$aFratiglioni, Laura.
=700  1\$aFreitas, Gabriel R. de.
=700  1\$aGauthier, Serge.
=700  1\$aGélinas, Isabelle.
=700  1\$aGladstone, David J.
=700  1\$aGonthier, Rumi.
=700  1\$aGorelick, Philip B.
=700  1\$aHachinski, Vladimir.
=700  1\$aHänninen, Tuomo.
=700  1\$aHietanen, Marja.
=700  1\$aHomma, Akira.
=700  1\$aInzitari, Domenico.
=700  1\$aJönsson, L.
=700  1\$aKalaria, Raj N.
=700  1\$aKertesz, Andrew.
=700  1\$aKnaap, Marjo S. van der.
=700  1\$aLammie, Alistair.
=700  1\$aLee, Jae-Hong.
=700  1\$aLeys, Didier.
=700  1\$aMartinez-Lage, Pablo.
=700  1\$aMcKeith, Ian G.
=700  1\$aMcPherson, Susan.
=700  1\$aMeguro, Kenichi.
=700  1\$aMilos, Veronica.
=700  1\$aMinuk, Jeffrey.
=700  1\$aMori, Etsuro.
=700  1\$aMuñoz, David G.
=700  1\$aO'Brien, John T.
=700  1\$aOo, Thet.
=700  1\$aPantoni, Leonardo.
=700  1\$aPasquier, Florence.
=700  1\$aPerry, Elaine K.
=700  1\$aQiu, Chengxuan.
=700  1\$aReisberg, Barry.
=700  1\$aRinne, Juha O.
=700  1\$aRockwood, Kenneth.
=700  1\$aRomán, Gustavo.
=700  1\$aRoyall, Donald R.
=700  1\$aSawada, Tohru.
=700  1\$aScheltens, Philip.
=700  1\$aSchmidt, Helena.
=700  1\$aSchmidt, Reinhold.
=700  1\$aSer, Teodoro del.
=700  1\$aSjögren, Magnus.
=700  1\$aSkoog, Ingmar.
=700  1\$aTingus, Kathleen.
=700  1\$aVarpetian, Arousiak.
=700  1\$aWallin, Anders.
=700  1\$aWhitehouse, Peter J.
=700  1\$aWilliams, Monica.
=700  1\$aWimo, Anders.
=700  1\$aWinblad, Bengt.
=700  1\$aYastrubetskaya, Olga.
=700  1\$aYoo, Hee-Jung.
=740  0\$aAssessment of behavioural disturbances and psychiatric symptoms in vascular dementia.
=740  0\$aAssociated neurological featurees.
=740  0\$aBedside assessment of vascular dementia.
=740  0\$aBehavioural and psychological symptoms.
=740  0\$aCerebral small vessel disease : pathological and pathophysiological aspects in relation to vascular cognitive impairment.
=740  0\$aCerebrospinal fluid findings in vascular cognitive impairment with special reference to subcortical vascular dementia.
=740  0\$aClassification and subtypes of vascular dementia.
=740  0\$aCognitive outcome measures in vascular dementia.
=740  0\$aDiagnostic criteria.
=740  0\$aDifferential diagnosis with degenerative dementias.
=740  0\$aDifferential diagnosis with leukodystrophies and non-vascular acquired white matter disorders.
=740  0\$aEarly and chronic complications of stroke.
=740  0\$aEvaluation of daily activities in vascular cognitive impairment.
=740  0\$aFocal stroke syndromes.
=740  0\$aFunctional brain imaging.
=740  0\$aGeneral approaches to neuropsychological assessment.
=740  0\$aGenetic factors.
=740  0\$aGlobal cognitive syndromes.
=740  0\$aLanguage.
=740  0\$aLarge vessel pathology.
=740  0\$aNatural history of vascular dementia.
=740  0\$aNeuropsychological examination of executive functions.
=740  0\$aNeuropsychological examination of memory.
=740  0\$aNeurotransmitter control of the cerebral vasculature and abnormalities in vascular dementia.
=740  0\$aOccurrence and determinants of vascular cognitive impairment.
=740  0\$aOverlap with Alzheimer's disease.
=740  0\$aPharmacotherapy of mood and behavior symptoms.
=740  0\$aPrevention and treatment of vascular dementia.
=740  0\$aPrevention.
=740  0\$aRegulatory guidelines for antidementia drugs.
=740  0\$aSocietal burden and pharmacoeconomics of vascular dementia.
=740  0\$aStaging : relevance for trial design in vascular burden of the brain.
=740  0\$aStructural brain imaging.
=740  0\$aTranscultural problems in clinical assessment : Japan : Singapore : South Korea : South America.
=740  0\$aVascular cause of cognitive impairment - the perspective.
=740  0\$aVascular cognitive impairment and disability.
=740  0\$aWhite matter lesions.
=740  4\$aThe concept of vascular cognitive impairment.
=740  4\$aThe early history of vascular dementia.
=740  4\$aThe mixed dementias.
=740  4\$aThe neurological examination in aging, dementia and cerebrovascular disease.

