=LDR  00555cam a22002054i 4500
=001  004011395
=003  FI-MELINDA
=005  20200615131608.0
=008  991125s1985\\\\xxk|||||||||||||||||eng||
=020  \\$a0-575-03514-5
=035  \\$a(FI-MELINDA)004011395
=041  0\$aeng
=080  \\$a820$x-3
=100  1\$aBallard, J. G.$1http://viaf.org/viaf/9842556$4http://rdaregistry.info/Elements/w/object/P10061
=245  14$aThe terminal beach /$cby J. G. Ballard.
=260  \\$aLondon :$bGollancz,$c1985.
=300  \\$a220 s
=336  \\$ateksti$btxt$2rdacontent
=337  \\$akäytettävissä ilman laitetta$bn$2rdamedia
=338  \\$anide$bnc$2rdacarrier

