=LDR  00516nam a22001813i 4500
=001  004373050
=003  FI-MELINDA
=005  20010626181826.0
=008  950324s1985\\\\xx\|||||||||||||||||eng||
=020  \\$a0-671-61451-7
=035  \\$a(FI-MELINDA)004373050
=041  0\$aeng
=100  1\$aBallard, J. G.$1http://viaf.org/viaf/9842556$4http://rdaregistry.info/Elements/w/object/P10061
=245  14$aThe best short stories of J. G. Ballard.
=260  \\$aNew York :$bPocket Books,$c1985.
=336  \\$ateksti$btxt$2rdacontent
=337  \\$akäytettävissä ilman laitetta$bn$2rdamedia
=338  \\$anide$bnc$2rdacarrier

