=LDR  00488nam a22001813i 4500
=001  004452391
=003  FI-MELINDA
=005  20010626192135.0
=008  970219s1981\\\\xx\|||||||||||||||||swe||
=020  \\$a91-20-06589-2
=035  \\$a(FI-MELINDA)004452391
=041  0\$aswe
=100  1\$aBallard, J. G.$1http://viaf.org/viaf/9842556$4http://rdaregistry.info/Elements/w/object/P10061
=245  10$aDrömbolaget.
=260  \\$aStockholm :$bAWE/Gebers,$c1981.
=336  \\$ateksti$btxt$2rdacontent
=337  \\$akäytettävissä ilman laitetta$bn$2rdamedia
=338  \\$anide$bnc$2rdacarrier

