=LDR  00560cam a22001813i 4500
=001  004452411
=003  FI-MELINDA
=005  20010626192135.0
=008  970219s1988\\\\sw\|||||||||||||||||swe||
=020  \\$a91-46-15543-0
=035  \\$a(FI-MELINDA)004452411
=041  0\$aswe
=100  1\$aBallard, J. G.$1http://viaf.org/viaf/9842556$4http://rdaregistry.info/Elements/w/object/P10061
=245  10$aSkapelsens dag :$broman /$cJ. G. Ballard ; övers. av Hans-Jacob Nilsson.
=260  \\$aStockholm :$bWahlström & Widstrand,$c1988.
=336  \\$ateksti$btxt$2rdacontent
=337  \\$akäytettävissä ilman laitetta$bn$2rdamedia
=338  \\$anide$bnc$2rdacarrier

