=LDR  00538cam a22001934i 4500
=001  004460483
=003  FI-MELINDA
=005  20150111061201.0
=008  970415s1987\\\\xxk|||||||||||||||f|eng||
=020  \\$a0-575-04152-8$qsidottu
=035  \\$a(FI-MELINDA)004460483
=041  0\$aeng
=100  0\$aBallard, J. G.$1http://viaf.org/viaf/9842556$4http://rdaregistry.info/Elements/w/object/P10061
=245  14$aThe day of creation /$cJ. G. Ballard.
=260  \\$aLondon :$bGollancz,$c1987.
=300  \\$a254 s
=336  \\$ateksti$btxt$2rdacontent
=337  \\$akäytettävissä ilman laitetta$bn$2rdamedia
=338  \\$anide$bnc$2rdacarrier

