=LDR  00485nam a22001813i 4500
=001  004460680
=003  FI-MELINDA
=005  20010626192759.0
=008  970416s1988\\\\xx\|||||||||||||||||eng||
=020  \\$a0-09-173498-3
=035  \\$a(FI-MELINDA)004460680
=041  0\$aeng
=100  1\$aBallard, J. G.$1http://viaf.org/viaf/9842556$4http://rdaregistry.info/Elements/w/object/P10061
=240  10$aRunning Wild$1http://viaf.org/viaf/481153289950332770009
=245  10$aRunning wild.
=260  \\$aLondon :$bHutchinson,$c1988.
=336  \\$ateksti$btxt$2rdacontent
=337  \\$akäytettävissä ilman laitetta$bn$2rdamedia
=338  \\$anide$bnc$2rdacarrier

