=LDR  00500nam a22001813i 4500
=001  004462361
=003  FI-MELINDA
=005  20010626192921.0
=008  970424s1982\\\\xx\|||||||||||||||||eng||
=020  \\$a0-224-02936-3
=035  \\$a(FI-MELINDA)004462361
=041  0\$aeng
=100  1\$aBallard, J. G.$1http://viaf.org/viaf/9842556$4http://rdaregistry.info/Elements/w/object/P10061
=245  10$aMyths of the near future.
=260  \\$aLondon :$bJonathan Cape,$c1982.
=336  \\$ateksti$btxt$2rdacontent
=337  \\$akäytettävissä ilman laitetta$bn$2rdamedia
=338  \\$anide$bnc$2rdacarrier

