=LDR  00491nam a22001813i 4500
=001  004462364
=003  FI-MELINDA
=005  20010626192922.0
=008  970424s1973\\\\xx\|||||||||||||||||eng||
=020  \\$a0-224-00894-3
=035  \\$a(FI-MELINDA)004462364
=041  0\$aeng
=100  1\$aBallard, J. G.$1http://viaf.org/viaf/9842556$4http://rdaregistry.info/Elements/w/object/P10061
=245  10$aVermilion sands.
=260  \\$aLondon :$bJonathan Cape,$c1973.
=336  \\$ateksti$btxt$2rdacontent
=337  \\$akäytettävissä ilman laitetta$bn$2rdamedia
=338  \\$anide$bnc$2rdacarrier

