=LDR  00500cam a22001813i 4500
=001  004462711
=003  FI-MELINDA
=005  20070906160536.0
=008  970428s1962\\\\xx\|||||||||||||||||eng||
=035  \\$a(FI-MELINDA)004462711
=041  0\$aeng
=100  1\$aBallard, J. G.$1http://viaf.org/viaf/9842556$4http://rdaregistry.info/Elements/w/object/P10061
=245  14$aThe voices of time and other stories.
=260  \\$aNew York :$bBerkley,$c1962.
=300  \\$a158 s
=336  \\$ateksti$btxt$2rdacontent
=337  \\$akäytettävissä ilman laitetta$bn$2rdamedia
=338  \\$anide$bnc$2rdacarrier

