=LDR  00582cam a22002053i 4500
=001  004516205
=003  FI-MELINDA
=005  20010626201317.0
=008  980624s1988\\\\xx\|||||||||||||||||nor||
=020  \\$a82-03-15839-0
=035  \\$a(FI-MELINDA)004516205
=041  1\$anor
=100  0\$aBallard, J. G.$1http://viaf.org/viaf/9842556$4http://rdaregistry.info/Elements/w/object/P10061
=245  10$aSolens rike /$cJ. G. Ballard ; overs. av Kari og Kjell Risvik.
=260  \\$a[Oslo] :$bAschehoug,$c1988.
=300  \\$a291 s.
=336  \\$ateksti$btxt$2rdacontent
=337  \\$akäytettävissä ilman laitetta$bn$2rdamedia
=338  \\$anide$bnc$2rdacarrier
=500  \\$aCop. 1985

