=LDR  00509nam a22001933i 4500
=001  004521828
=003  FI-MELINDA
=005  20010626201825.0
=008  980825s1985\\\\xx\|||||||||||||||||eng||
=020  \\$a0-460-02277-6
=035  \\$a(FI-MELINDA)004521828
=041  0\$aeng
=100  1\$aBallard, J. G.$1http://viaf.org/viaf/9842556$4http://rdaregistry.info/Elements/w/object/P10061
=245  10$aVermilion sands.
=260  \\$aLondon :$bJ.M. Dent,$c1985.
=300  \\$a208 s
=336  \\$ateksti$btxt$2rdacontent
=337  \\$akäytettävissä ilman laitetta$bn$2rdamedia
=338  \\$anide$bnc$2rdacarrier

