=LDR  00497nam a22001813i 4500
=001  004527340
=003  FI-MELINDA
=005  20010626202330.0
=008  981022s1971\\\\xx\|||||||||||||||||swe||
=035  \\$a(FI-MELINDA)004527340
=041  0\$aswe
=100  1\$aBallard, J. G.$1http://viaf.org/viaf/9842556$4http://rdaregistry.info/Elements/w/object/P10061
=245  10$aKristallvärlden.
=260  \\$aStockholm :$bWahlström & Widstrand,$c1971.
=300  \\$a195 s.
=336  \\$ateksti$btxt$2rdacontent
=337  \\$akäytettävissä ilman laitetta$bn$2rdamedia
=338  \\$anide$bnc$2rdacarrier

