=LDR  00529cam a22001933i 4500
=001  004640295
=003  FI-MELINDA
=005  20151231210659.0
=008  911015s1992\\\\xxk|||||||||||||||||eng||
=020  \\$a0-586-21099-7
=035  \\$a(FI-MELINDA)004640295
=041  0\$aeng
=100  1\$aBallard, J. G.$1http://viaf.org/viaf/9842556$4http://rdaregistry.info/Elements/w/object/P10061
=245  14$aThe kindness of women /$cJ.G. Ballard.
=260  \\$aLondon :$bGrafton,$c1992.
=300  \\$a348 s
=336  \\$ateksti$btxt$2rdacontent
=337  \\$akäytettävissä ilman laitetta$bn$2rdamedia
=338  \\$anide$bnc$2rdacarrier

