=LDR  00525cam a22001933i 4500
=001  004640296
=003  FI-MELINDA
=005  20151231210659.0
=008  940822s1994\\\\xxk|||||||||||||||||eng||
=020  \\$a0-00-224134-X
=035  \\$a(FI-MELINDA)004640296
=041  0\$aeng
=100  1\$aBallard, J. G.$1http://viaf.org/viaf/9842556$4http://rdaregistry.info/Elements/w/object/P10061
=245  10$aRushing to paradise.
=260  \\$aLondon :$bFlamingo,$c1994.
=300  \\$a238 pages ;$c24 cm
=336  \\$ateksti$btxt$2rdacontent
=337  \\$akäytettävissä ilman laitetta$bn$2rdamedia
=338  \\$anide$bnc$2rdacarrier

