=LDR  00548cam a22001933i 4500
=001  004640451
=003  FI-MELINDA
=005  20151231210713.0
=008  911015s1991\\\\xxk|||||||||||||||||eng||
=020  \\$a0-00-223771-7
=035  \\$a(FI-MELINDA)004640451
=041  0\$aeng
=100  1\$aBallard, J. G.$1http://viaf.org/viaf/9842556$4http://rdaregistry.info/Elements/w/object/P10061
=245  14$aThe kindness of women /$cJ.G. Ballard.
=260  \\$aLondon :$bHarperCollins,$c1991.
=300  \\$a286 pages ;$c24 cm
=336  \\$ateksti$btxt$2rdacontent
=337  \\$akäytettävissä ilman laitetta$bn$2rdamedia
=338  \\$anide$bnc$2rdacarrier

