=LDR  00561cam a22002053i 4500
=001  004640475
=003  FI-MELINDA
=005  20151231210714.0
=008  901114s1990\\\\xxk|||||||||||||||||eng||
=020  \\$a0-00-223770-9
=035  \\$a(FI-MELINDA)004640475
=041  0\$aeng
=100  1\$aBallard, J. G.$1http://viaf.org/viaf/9842556$4http://rdaregistry.info/Elements/w/object/P10061
=245  10$aWar fever /$cJ.G. Ballard.
=260  \\$aLondon :$bCollins,$c1990.
=300  \\$a176 pages ;$c24 cm
=336  \\$ateksti$btxt$2rdacontent
=337  \\$akäytettävissä ilman laitetta$bn$2rdamedia
=338  \\$anide$bnc$2rdacarrier
=500  \\$aShort stories.

