=LDR  00587cam a22002054i 4500
=001  004690155
=003  FI-MELINDA
=005  20180508153240.0
=008  910702s1985\\\\xxk|||||||||||||||f|eng||
=020  \\$a0-586-05571-1$qnidottu
=035  \\$a(FI-MELINDA)004690155
=041  0\$aeng
=100  1\$aBallard, J. G.$1http://viaf.org/viaf/9842556$4http://rdaregistry.info/Elements/w/object/P10061
=245  10$aHello America /$cJ. G. Ballard.
=260  \\$aLondon :$bTriad/Panter,$c1985.
=300  \\$a236 s
=336  \\$ateksti$btxt$2rdacontent
=337  \\$akäytettävissä ilman laitetta$bn$2rdamedia
=338  \\$anide$bnc$2rdacarrier
=500  \\$aFirst publ. by jonathan cape 1981.

