=LDR  00506nam a22001933i 4500
=001  004722943
=003  FI-MELINDA
=005  20050225094328.0
=008  050225s1975\\\\xx\|||||||||||||||||fre||
=020  \\$a2-253-01586-5
=035  \\$a(FI-MELINDA)004722943
=041  \\$afre
=100  1\$aBallard, J. G.$1http://viaf.org/viaf/9842556$4http://rdaregistry.info/Elements/w/object/P10061
=245  10$aSécheresse :$broman.
=260  \\$bCasterman,$c1975.
=300  \\$a315 s.
=336  \\$ateksti$btxt$2rdacontent
=337  \\$akäytettävissä ilman laitetta$bn$2rdamedia
=338  \\$anide$bnc$2rdacarrier

