=LDR  00696cam a22002293i 4500
=001  004827677
=003  FI-MELINDA
=005  20200408104111.0
=008  940106s1981\\\\ne\|||||||||||||||||eng||
=020  \\$a90-6332-731-5$qhardback
=020  \\$a90-6332-771-4$qpaperback
=035  \\$a(FI-MELINDA)004827677
=041  0\$aeng
=084  \\$a84.5$2ykl
=100  1\$aBallard, J. G.$1http://viaf.org/viaf/9842556$4http://rdaregistry.info/Elements/w/object/P10061
=245  14$aThe drowned world /$cJ. G. Ballard ; illustrated by Dick French.
=260  \\$aHendrik-Ido-Ambacht :$bDragon's Dream,$c1981.
=300  \\$a158 s. :$bkuvitettu
=336  \\$ateksti$btxt$2rdacontent
=337  \\$akäytettävissä ilman laitetta$bn$2rdamedia
=338  \\$anide$bnc$2rdacarrier
=700  1\$aFrench, Dick.

