=LDR  00574cam a22002053i 4500
=001  004829485
=003  FI-MELINDA
=005  20201214042755.0
=008  080109s1985\\\\xxk|||||||||||||||j|eng||
=020  \\$a0-575-03515-3
=035  \\$a(FI-MELINDA)004829485
=041  0\$aeng
=100  1\$aBallard, J. G.$1http://viaf.org/viaf/9842556$4http://rdaregistry.info/Elements/w/object/P10061
=245  14$aThe voices of time /$cby J.G. Ballard.
=260  \\$aLondon :$bGollancz,$c1985.
=300  \\$a197 s
=336  \\$ateksti$btxt$2rdacontent
=337  \\$akäytettävissä ilman laitetta$bn$2rdamedia
=338  \\$anide$bnc$2rdacarrier
=500  \\$aOriginally published: 1963.

