=LDR  00860cam a22002774i 4500
=001  005007455
=003  FI-MELINDA
=005  20150112193216.0
=008  000202s1999\\\\xxk|||||||||||||||||eng||
=020  \\$a0-85170-719-X$qnidottu
=035  \\$a(FI-MELINDA)005007455
=041  0\$aeng
=080  \\$a791.43$x(71)
=080  \\$a791.43.071 Cronenberg
=100  1\$aSinclair, Iain.
=240  10$aCrash$1http://viaf.org/viaf/305922109
=245  10$aCrash :$bDavid Cronenberg's Post-mortem on J. G. Ballard's Trajectory of fate /$cIain Sinclair.
=260  \\$aLondon :$bBritish Film Institute,$c1999.
=300  \\$a128 s
=336  \\$ateksti$btxt$2rdacontent
=337  \\$akäytettävissä ilman laitetta$bn$2rdamedia
=338  \\$anide$bnc$2rdacarrier
=490  1\$aBFI modern classics
=600  14$aBallard, J. G.
=600  14$aCronenberg, David.
=600  14$aCronenberg, David.$tCrash.
=830  \0$aBFI modern classics.

