=LDR  00533nam a22001933i 4500
=001  005286002
=003  FI-MELINDA
=005  20090708122359.0
=008  090708s2001\\\\xxk|||||||||||||||f|eng||
=020  \\$a0-00-711686-1
=035  \\$a(FI-MELINDA)005286002
=041  0\$aeng
=100  1\$aBallard, J. G.$1http://viaf.org/viaf/9842556$4http://rdaregistry.info/Elements/w/object/P10061
=245  14$aThe atrocity exhibition /$cJ. G. Ballard.
=260  \\$aLondon :$bFlamingo,$c2001.
=300  \\$a184 s
=336  \\$ateksti$btxt$2rdacontent
=337  \\$akäytettävissä ilman laitetta$bn$2rdamedia
=338  \\$anide$bnc$2rdacarrier

