=LDR  00630cam a22002053i 4500
=001  005842805
=003  FI-MELINDA
=005  20150122054121.0
=008  110114s1992\\\\sw\|||||||||||||||||swe|c
=020  \\$a91-46-16195-3$qinbunden
=035  \\$a(FI-MELINDA)005842805
=041  1\$aswe$heng
=100  1\$aBallard, J. G.$1http://viaf.org/viaf/9842556$4http://rdaregistry.info/Elements/w/object/P10061
=245  10$aKvinnors godhet /$cJ.G. Ballard ; översättning: Hans-Jacob Nilsson.
=260  \\$aStockholm :$bWahlström & Widstrand,$c1992.
=300  \\$a322 s
=336  \\$ateksti$btxt$2rdacontent
=337  \\$akäytettävissä ilman laitetta$bn$2rdamedia
=338  \\$anide$bnc$2rdacarrier
=700  1\$aNilsson, Hans-Jacob.

