=LDR  00524nam a22001933i 4500
=001  005892187
=003  FI-MELINDA
=005  20110325122052.0
=008  110325s2000\\\\xx\|||||||||||||||||eng|c
=020  \\$a0-00-225847-1
=035  \\$a(FI-MELINDA)005892187
=041  0\$aeng
=100  1\$aBallard, J. G.$1http://viaf.org/viaf/9842556$4http://rdaregistry.info/Elements/w/object/P10061
=245  10$aSuper-Cannes /$cby J.G. Ballard.
=260  \\$aLondon :$bFlamingo,$c2000.
=300  \\$a391 s
=336  \\$ateksti$btxt$2rdacontent
=337  \\$akäytettävissä ilman laitetta$bn$2rdamedia
=338  \\$anide$bnc$2rdacarrier

