=LDR  00557cam a22002053i 4500
=001  005946115
=003  FI-MELINDA
=005  20180409145318.0
=008  111011s1986\\\\xxk|||||||||||||||||eng|c
=020  \\$a0-575-03770-9
=035  \\$a(FI-MELINDA)005946115
=041  0\$aeng
=084  \\$a84.5$2ykl
=100  1\$aBallard, J. G.$1http://viaf.org/viaf/9842556$4http://rdaregistry.info/Elements/w/object/P10061
=245  14$aThe day of forever /$cby J. G. Ballard.
=260  \\$aLondon :$bGollancz,$c1986.
=300  \\$a126 s
=336  \\$ateksti$btxt$2rdacontent
=337  \\$akäytettävissä ilman laitetta$bn$2rdamedia
=338  \\$anide$bnc$2rdacarrier

