=LDR  01589cam a22003614i 4500
=001  006083637
=003  FI-MELINDA
=005  20190704004058.0
=008  120927s2012\\\\xxk\\\\\\b\\\\001\0\eng\c
=020  \\$a978-0-230-27812-7$qsidottu
=035  \\$a(FI-MELINDA)006083637
=041  0\$aeng
=050  00$aPR6052.A46$bZ72 2011
=082  00$a823/.914$223
=245  00$aJ. G. Ballard :$bvisions and revisions /$cedited by Jeannette Baxter and Rowland Wymer.
=260  \\$aHoundmills, Basingstoke, Hampshire ;$aNew York :$bPalgrave Macmillan,$c2012.
=300  \\$ax, 255 pages ;$c23 cm
=336  \\$ateksti$btxt$2rdacontent
=337  \\$akäytettävissä ilman laitetta$bn$2rdamedia
=338  \\$anide$bnc$2rdacarrier
=504  \\$aIncludes bibliographical references and index.
=600  14$aBallard, J. G.$xCriticism and interpretation.
=650  \0$aScience fiction, English$xHistory and criticism.
=650  \7$akirjallisuudentutkijat$2yso/fin$0http://www.yso.fi/onto/yso/p4522
=650  \7$akirjallisuudentutkimus$2yso/fin$0http://www.yso.fi/onto/yso/p1066
=650  \7$alitteraturforskare$2yso/swe$0http://www.yso.fi/onto/yso/p4522
=650  \7$alitteraturvetenskap$2yso/swe$0http://www.yso.fi/onto/yso/p1066
=650  \7$ascience fiction-litteratur$2yso/swe$0http://www.yso.fi/onto/yso/p15527
=650  \7$atieteiskirjallisuus$2yso/fin$0http://www.yso.fi/onto/yso/p15527
=651  \7$aIso-Britannia$2yso/fin$0http://www.yso.fi/onto/yso/p104990
=651  \7$aStorbritannien$2yso/swe$0http://www.yso.fi/onto/yso/p104990
=700  1\$aBaxter, Jeannette.
=700  1\$aWymer, Rowland.

