=LDR  02964cam a2200721 i 4500
=001  006163373
=003  FI-MELINDA
=005  20210505122032.0
=008  130222s2013\\\\fi\||||\\\\\\|00|\f|fin|\
=015  \\$afx1020106$2skl
=020  \\$a978-951-887-465-5$qsidottu
=035  \\$a(FI-MELINDA)006163373
=040  \\$aFI-NL$bfin
=041  1\$afin$heng
=042  \\$afinb
=072  \7$a87$2kkaa
=080  \\$a820$x-3
=080  \\$a820-3
=084  \\$a84.2$2ykl
=084  9\$aScifi$2ykl
=100  1\$aBallard, J. G.$1http://viaf.org/viaf/9842556$4http://rdaregistry.info/Elements/w/object/P10061
=240  14$aThe drought,$lsuomi
=245  10$aKuivunut maailma /$cJ. G. Ballard ; suomentanut Matti Rosvall.
=246  3\$aSaturnus SciFi
=260  \\$aHelsinki :$bJalava,$c2013$e(Tallinna :$fPakett)
=300  \\$a224 s. ;$c22 cm
=336  \\$ateksti$btxt$2rdacontent
=337  \\$akäytettävissä ilman laitetta$bn$2rdamedia
=338  \\$anide$bnc$2rdacarrier
=490  0\$aSaturnus SciFi
=600  14$aRansom, Charles$c(fiktiivinen hahmo)
=650  \7$aekokatastrofit$xtulevaisuus$2kaunokki
=650  \7$aeläintarhat$zMount Royal$2kaunokki
=650  \7$aeläintenhoitajat$xnaiset$2kaunokki
=650  \7$aengelska$2yso/swe$0http://www.yso.fi/onto/yso/p2573
=650  \7$aenglannin kieli$2yso/fin$0http://www.yso.fi/onto/yso/p2573
=650  \7$aevakuointi$xasukkaat$xkaupungit$2kaunokki
=650  \7$afinsk litteratur$2yso/swe$0http://www.yso.fi/onto/yso/p16810
=650  \7$afinska$2yso/swe$0http://www.yso.fi/onto/yso/p8856
=650  \7$akäännökset$2yso/fin$0http://www.yso.fi/onto/yso/p16349
=650  \7$akehitysvammaiset$xpojat$2kaunokki
=650  \7$akuivuus$2kaunokki
=650  \7$alääkärit$2kaunokki
=650  \7$aöljyvahingot$2kaunokki
=650  \7$aöversättningar$2yso/swe$0http://www.yso.fi/onto/yso/p16349
=650  \7$apikkukaupungit$zMount Royal$2kaunokki
=650  \7$asaastuminen$xmeret$2kaunokki
=650  \7$asuomen kieli$2yso/fin$0http://www.yso.fi/onto/yso/p8856
=650  \7$asuomenkielinen kirjallisuus$2yso/fin$0http://www.yso.fi/onto/yso/p16810
=650  \7$atutkimusretkikunnat$xvesi$2kaunokki
=650  \7$avesivarat$xriidat$2kaunokki
=653  \\$aromaanit$aenglannin kieli$asuomenkielinen käännös
=655  \7$adystopiat$2slm/fin$0http://urn.fi/URN:NBN:fi:au:slm:s1011
=655  \7$adystopier$2slm/swe$0http://urn.fi/URN:NBN:fi:au:slm:s1011
=655  \7$akaunokirjallisuus$2slm/fin$0http://urn.fi/URN:NBN:fi:au:slm:s975
=655  \7$aromaanit$2slm/fin$0http://urn.fi/URN:NBN:fi:au:slm:s518
=655  \7$aromaner$2slm/swe$0http://urn.fi/URN:NBN:fi:au:slm:s518
=655  \7$ascience fiction-litteratur$2slm/swe$0http://urn.fi/URN:NBN:fi:au:slm:s418
=655  \7$askönlitteratur$2slm/swe$0http://urn.fi/URN:NBN:fi:au:slm:s975
=655  \7$atieteiskirjallisuus$2slm/fin$0http://urn.fi/URN:NBN:fi:au:slm:s418
=700  1\$aRosvall, Matti,$ekääntäjä,$esuom.$0(FI-ASTERI-N)000076610
=830  \0$aSaturnus SciFi.

