=LDR  00732cam a22002293i 4500
=001  006190202
=003  FI-MELINDA
=005  20150123180911.0
=008  130415s1993\\\\xx\\\\\\\\\\\||||\|\swe\c
=020  \\$a91-46-16379-4$qinbunden
=035  \\$a(FI-MELINDA)006190202
=041  1\$aswe$heng
=100  1\$aBallard, J. G.$1http://viaf.org/viaf/9842556$4http://rdaregistry.info/Elements/w/object/P10061
=240  10$aWar fever,$lruotsi
=245  10$aKrigsfeber /$cJ.G. Ballard ; till svenska av Hans-Jacob Nilsson.
=260  \\$aStockholm :$bWahlström & Widstrand,$c1993$e(Borås :$fCentraltr.)
=300  \\$a221, [1] s
=336  \\$ateksti$btxt$2rdacontent
=337  \\$akäytettävissä ilman laitetta$bn$2rdamedia
=338  \\$anide$bnc$2rdacarrier
=500  \\$aFörsta svenska uppl. 1993.
=700  1\$aNilsson, Hans-Jacob.

