=LDR  00727cam a22002294i 4500
=001  006291831
=003  FI-MELINDA
=005  20150124015731.0
=008  000407s1990\\\\xxu|||||||||||||||||eng||
=020  \\$a1-889307-03-3$qnidottu
=035  \\$a(FI-MELINDA)006291831
=041  0\$aeng
=084  \\$a84.5$2ykl
=100  1\$aBallard, J. G.$1http://viaf.org/viaf/9842556$4http://rdaregistry.info/Elements/w/object/P10061
=245  14$aThe atrocity exhibition /$cJ. G. Ballard ; [front cover and all illustrations by Phoebe Gloeckner].
=250  \\$aRev., exp., annot., ill. ed.
=260  \\$aSan Francisco :$bV/Search,$c1990.
=300  \\$a127 s. :$bkuvitettu
=336  \\$ateksti$btxt$2rdacontent
=337  \\$akäytettävissä ilman laitetta$bn$2rdamedia
=338  \\$anide$bnc$2rdacarrier
=700  1\$aGloeckner, Phoebe.

