=LDR  01552cam a22003494i 4500
=001  006430343
=003  FI-MELINDA
=005  20210717052351.0
=008  131018s2013\\\\xxk|||||\|||||||||||eng|c
=020  \\$a978-1-4725-1303-8$qnidottu
=035  \\$a(FI-MELINDA)006430343
=041  0\$aeng
=100  1\$aFrancis, Samuel.
=245  14$aThe psychological fictions of J. G. Ballard /$cSamuel Francis.
=260  \\$aLondon :$bContinuum,$c2013.
=300  \\$a202 s
=336  \\$ateksti$btxt$2rdacontent
=337  \\$akäytettävissä ilman laitetta$bn$2rdamedia
=338  \\$anide$bnc$2rdacarrier
=490  1\$aContinuum literary studies series
=505  0\$aA host of furious fancies -- Unconscious catastrophes -- Insane modernities -- Trauma, psychoanalysis, autobiography -- Contemporary psychopathies.
=600  10$aBallard, J. G.,$xCriticism and interpretation.
=650  \0$aPsychology in literature.
=650  \7$aengelsk litteratur$2yso/swe$0http://www.yso.fi/onto/yso/p11223
=650  \7$aenglanninkielinen kirjallisuus$2yso/fin$0http://www.yso.fi/onto/yso/p11223
=650  \7$akirjallisuudentutkimus$2yso/fin$0http://www.yso.fi/onto/yso/p1066
=650  \7$akirjallisuus$2yso/fin$0http://www.yso.fi/onto/yso/p8113
=650  \7$alitteratur$2yso/swe$0http://www.yso.fi/onto/yso/p8113
=650  \7$alitteraturvetenskap$2yso/swe$0http://www.yso.fi/onto/yso/p1066
=650  \7$apsykologi$2yso/swe$0http://www.yso.fi/onto/yso/p1632
=650  \7$apsykologia$2yso/fin$0http://www.yso.fi/onto/yso/p1632
=830  \0$aContinuum literary studies series.

