=LDR  00973cam a22003134i 4500
=001  007155157
=003  FI-MELINDA
=005  20200919014120.0
=008  060921s2006\\\\xxk||||||||||\||||1|eng|c
=020  \\$a0-00-723246-2$qsidottu
=020  \\$a978-0-00-723246-8$qsidottu
=035  \\$a(FI-MELINDA)007155157
=041  0\$aeng
=084  \\$a84.5$2ykl
=100  1\$aBallard, J. G.$1http://viaf.org/viaf/9842556$4http://rdaregistry.info/Elements/w/object/P10061
=240  10$aKingdom Come$1http://viaf.org/viaf/3952163159958701640003
=245  10$aKingdom come /$cJ. G. Ballard.
=260  \\$aLondon :$bFourth Estate,$c2006.
=300  \\$a280, [4] sivua ;$c25 cm
=336  \\$ateksti$btxt$2rdacontent
=337  \\$akäytettävissä ilman laitetta$bn$2rdamedia
=338  \\$anide$bnc$2rdacarrier
=650  \7$aelämäntapa$2kaunokki
=650  \7$aesikaupungit$zEnglanti$2kaunokki
=650  \7$akulttuurikritiikki$2kaunokki
=650  \7$akulutus$2kaunokki
=655  \7$aromaanit$2slm/fin$0http://urn.fi/URN:NBN:fi:au:slm:s518
=655  \7$aromaner$2slm/swe$0http://urn.fi/URN:NBN:fi:au:slm:s518

