=LDR  00620cam a22002294i 4500
=001  007157603
=003  FI-MELINDA
=005  20180914104927.0
=008  071112s1995\\\\xxk||||||||||\||||f|eng|c
=020  \\$a0-099-33491-7$qnidottu
=035  \\$a(FI-MELINDA)007157603
=041  0\$aeng
=100  1\$aBallard, J. G.$1http://viaf.org/viaf/9842556$4http://rdaregistry.info/Elements/w/object/P10061
=240  10$aCrash$1http://viaf.org/viaf/305922109
=245  10$aCrash /$cJ. G. Ballard.
=260  \\$aLondon :$bVintage,$c1995.
=300  \\$a185 s. ;$c20 cm
=336  \\$ateksti$btxt$2rdacontent
=337  \\$akäytettävissä ilman laitetta$bn$2rdamedia
=338  \\$anide$bnc$2rdacarrier
=490  1\$aVintage classics
=830  \0$aVintage classics.

