=LDR  00693cam a22002534i 4500
=001  007167049
=003  FI-MELINDA
=005  20201212125607.0
=008  040218s2006\\\\xxk||||||||||\||||f|eng|c
=020  \\$a0-00-711686-1$qnidottu
=020  \\$a978-0-00-711686-7$qnidottu
=035  \\$a(FI-MELINDA)007167049
=041  0\$aeng
=084  \\$a84.5$2ykl
=100  1\$aBallard, J. G.$1http://viaf.org/viaf/9842556$4http://rdaregistry.info/Elements/w/object/P10061
=245  14$aThe atrocity exhibition /$cJ. G. Ballard.
=260  \\$aLondon :$bHarper Perennial,$c2006.
=300  \\$a184, 22 s. ;$c20 cm
=336  \\$ateksti$btxt$2rdacontent
=337  \\$akäytettävissä ilman laitetta$bn$2rdamedia
=338  \\$anide$bnc$2rdacarrier
=490  1\$aP.S.

