=LDR  00609cam a22002174i 4500
=001  007167187
=003  FI-MELINDA
=005  20180625130307.0
=008  040218s2008\\\\xxk||||||||||\||||f|eng|c
=020  \\$a978-0-00-722183-7$qnidottu
=035  \\$a(FI-MELINDA)007167187
=041  0\$aeng
=084  \\$a84.5$2ykl
=100  1\$aBallard, J. G.$1http://viaf.org/viaf/9842556$4http://rdaregistry.info/Elements/w/object/P10061
=245  14$aThe drowned world /$cJ. G. Ballard.
=260  \\$aLondon :$bHarper Perennial,$c2008.
=300  \\$a175, 16 s. ;$c20 cm
=336  \\$ateksti$btxt$2rdacontent
=337  \\$akäytettävissä ilman laitetta$bn$2rdamedia
=338  \\$anide$bnc$2rdacarrier
=490  1\$aP.S.

