=LDR  01426cam a22003257i 4500
=001  007181195
=003  FI-MELINDA
=005  20201212144038.0
=008  100311s2010\\\\xxk||||g|||||\|||\f|eng|c
=020  \\$a978-0-00-734190-0$qnidottu
=035  \\$a(FI-MELINDA)007181195
=041  0\$aeng
=084  \\$a84.5$2ykl
=100  1\$aBurroughs, William.
=245  10$aNaked lunch /$cWilliam S. Burroughs ; the restored text edited by James Grauerholz and Barry Miles ; with an introduction by J. G. Ballard.
=260  \\$aLondon :$bHarperCollins,$c2010.
=300  \\$a289, 19 s. ;$c20 cm
=336  \\$ateksti$btxt$2rdacontent
=337  \\$akäytettävissä ilman laitetta$bn$2rdamedia
=338  \\$anide$bnc$2rdacarrier
=520  \\$aSis. romaanin Naked lunch lisäksi: Original introductions and additions by the author (s. 197-229) ja Burroughs text annexed by the editors (s. 231-289). - S. 1-19: About the author ; About the book ; Read on -osiot.
=600  14$aBurroughs, William,$tNaked lunch
=650  \7$aförfattare$2yso/swe$0http://www.yso.fi/onto/yso/p8970
=650  \7$akirjailijat$2yso/fin$0http://www.yso.fi/onto/yso/p8970
=651  \7$aFörenta staterna$2yso/swe$0http://www.yso.fi/onto/yso/p105078
=651  \7$aYhdysvallat$2yso/fin$0http://www.yso.fi/onto/yso/p105078
=700  1\$aBallard, J. G.
=700  1\$aGrauerholtz, James.
=700  1\$aMiles, Barry.

