=LDR  00765cam a22002653i 4500
=001  007317875
=003  FI-MELINDA
=005  20160105083649.0
=008  150706s2004\\\\xxk\\\\\\\\\\||||\||eng\c
=020  \\$a0-00-655161-0$qpaperback
=035  \\$a(FI-MELINDA)007317875
=041  0\$aeng
=050  00$aPR6052.A46$bM55 2003
=100  1\$aBallard, J. G.$1http://viaf.org/viaf/9842556$4http://rdaregistry.info/Elements/w/object/P10061
=245  10$aMillennium people /$cJ.G. Ballard.
=260  \\$aLondon :$bHarper Perennial,$c2004.
=300  \\$a294, 18 s. ;$c21 cm
=336  \\$ateksti$btxt$2rdacontent
=337  \\$akäytettävissä ilman laitetta$bn$2rdamedia
=338  \\$anide$bnc$2rdacarrier
=650  \0$aMiddle class.
=650  \0$aPolitical activists.
=650  \0$aPolitical violence.
=650  \0$aProtest movements.
=650  \0$aPsychologists.

