=LDR  00479caa a22001454i 4500
=001  007495135
=003  FI-MELINDA
=005  20200722190502.0
=008  040217s1983\\\\xxk||||||||||\||||||||||c
=035  \\$a(FI-MELINDA)007495135
=100  1\$aBallard, J. G.$1http://viaf.org/viaf/9842556$4http://rdaregistry.info/Elements/w/object/P10061
=245  10$aBillennium.
=336  \\$ateksti$btxt$2rdacontent
=337  \\$akäytettävissä ilman laitetta$bn$2rdamedia
=773  0\$7nnam$w(FI-MELINDA)007237491$tConstellations : stories of the future. -$dLondon : Puffin, 1983. -$z0-14-031582-9

