=LDR  00515caa a22001454i 4500
=001  007971221
=003  FI-MELINDA
=005  20160510084245.0
=008  040416s2002\\\\xxk||||||||||\||||||||||c
=035  \\$a(FI-MELINDA)007971221
=100  1\$aBallard, J. G.$1http://viaf.org/viaf/9842556$4http://rdaregistry.info/Elements/w/object/P10061
=245  10$aDream cargoes.
=336  \\$ateksti$btxt$2rdacontent
=337  \\$akäytettävissä ilman laitetta$bn$2rdamedia
=773  0\$7nnam$w(FI-MELINDA)007267389$aByatt, A. S.$tThe Oxford book of English short stories. -$dOxford : Oxford University Press, 2002. -$z0-1-9280376-X

