=LDR  00497caa a22001454i 4500
=001  008587357
=003  FI-MELINDA
=005  20160107120117.0
=008  110309s2003\\\\xxk||||g|\\\\||||\j|eng|c
=035  \\$a(FI-MELINDA)008587357
=100  1\$aBallard, J. G.$1http://viaf.org/viaf/9842556$4http://rdaregistry.info/Elements/w/object/P10061
=245  10$aBillennium.
=336  \\$ateksti$btxt$2rdacontent
=337  \\$akäytettävissä ilman laitetta$bn$2rdamedia
=773  0\$7unam$tThe Oxford book of science fiction stories /$dOxford : Oxford University Press, 2003.$z0-19-230381-6$w(FI-MELINDA)007302287

