=LDR  03735cgm a22007574i 4500
=001  008828266
=003  FI-MELINDA
=005  20210612150810.0
=007  vd|cvaiz|
=008  151001r20111987fi\146|g|||||\\|||vleng|c
=024  3\$a5051895065655
=028  41$bWarner Home Video$a1000202787
=028  41$bWarner Home Video$a5000097239
=028  41$bWarner Home Video$a73737
=035  \\$a(FI-MELINDA)008828266
=041  1\$aeng$ager$aspa$jfin$jswe$jdan$jnor$jeng$jger$jspa$jhrv$jcze$jgre$jheb$jhun$jpol$jpor$jsrp$jslv$jtur$heng
=049  \\$cK12
=084  \\$a84.2$2ykl
=084  9\$aSota$2ykl
=130  10$aEmpire of the sun$1http://viaf.org/viaf/293611582
=245  10$aAuringon valtakunta =$bEmpire of the sun /$cproduced by Steven Spielberg, Kathleen Kennedy, Frank Marshall ; screenplay by Tom Stoppard ; directed by Steven Spielberg.
=264  \2$a[Helsinki] :$bWarner Bros. Entertainment Finland,$c[2011]
=264  \4$cc©2011
=300  \\$a1 DVD-videolevy (146 min) :$bvärillinen, ääni
=336  \\$akaksiulotteinen liikkuva kuva$btdi$2rdacontent
=337  \\$avideo$bv$2rdamedia
=338  \\$avideolevy$bvd$2rdacarrier
=336  \\$atodimensjonalt levende bilde$2rdacontent$0http://rdaregistry.info/termList/RDAContentType/1023
=337  \\$avideo$2rdamedia$0http://rdaregistry.info/termList/RDAMediaType/1008
=338  \\$avideoplate$2rdacarrier$0http://rdaregistry.info/termList/RDACarrierType/1060
=380  \\$afilmverk$0https://schema.nb.no/Bibliographic/Values/V1002
=500  \\$aPerustuu J. G. Balllardin teokseen.
=505  0\$aLisämateriaali: Behind the scenes documentary 'The China Odyssey' ; Trailer.
=506  1\$aKielletty alle 12-vuotiailta.
=511  0\$aPääosissa: John Malkovich, Miranda Richardson, Nigel Havers, Christian Bale.
=534  \\$pAlun perin julkaistu:$cAmblin Entertainment, 1987.
=540  \\$aLainausoikeus.
=546  \\$aVaihtoehtoiset ääniraidat: englanti, saksa, espanja ; tekstitys: suomi, ruotsi, norja, tanska, englanti, saksa, espanja, kroatia, tšekki, kreikka, heprea, unkari, puola, portugali, serbia, sloveeni, turkki sekä englanti ja saksa kuulovammaisille.
=648  \7$a1940-luku$2kaunokki
=650  \7$asotilaat$xjapanilaiset$2kaunokki
=650  \7$atoinen maailmansota$zJapani$y1941$2kaunokki
=650  \7$avankileirit$2kaunokki$0http://www.yso.fi/onto/kauno/p67
=651  \7$81\u$aKiina$2yso/fin$0http://www.yso.fi/onto/yso/p104984
=651  \7$81\u$aKina$2yso/swe$0http://www.yso.fi/onto/yso/p104984
=651  \7$81\u$aShanghai$2yso/fin$0http://www.yso.fi/onto/yso/p108743
=651  \7$81\u$aShanghai$2yso/swe$0http://www.yso.fi/onto/yso/p108743
=655  \7$adraamaelokuvat$2slm/fin$0http://urn.fi/URN:NBN:fi:au:slm:s627
=655  \7$adramafilmer$2slm/swe$0http://urn.fi/URN:NBN:fi:au:slm:s627
=655  \7$aelokuvat$zYhdysvallat$y1980-luku$2kaunokki
=655  \7$afilmatisointi$xromaanit$2kaunokki
=655  \7$ahistorialliset elokuvat$2slm/fin$0http://urn.fi/URN:NBN:fi:au:slm:s230
=655  \7$ahistoriska filmer$2slm/swe$0http://urn.fi/URN:NBN:fi:au:slm:s230
=655  \7$akrigsfilmer$2slm/swe$0http://urn.fi/URN:NBN:fi:au:slm:s1073
=655  \7$asotaelokuvat$2slm/fin$0http://urn.fi/URN:NBN:fi:au:slm:s1073
=700  1\$aBale, Christian,$enäyttelijä.
=700  1\$aDaviau, Allen,$ekuvaaja.
=700  1\$aHavers, Nigel,$enäyttelijä.
=700  1\$aKennedy, Kathleen,$etuottaja.
=700  1\$aMalkovich, John,$enäyttelijä.
=700  1\$aMarshall, Frank,$etuottaja.
=700  1\$aRichardson, Miranda,$enäyttelijä.
=700  1\$aSpielberg, Steven,$eohjaaja.
=700  1\$aSpielberg, Steven,$etuottaja.
=700  1\$aStoppard, Tom,$ekäsikirjoittaja.
=700  1\$aWilliams, John,$esäveltäjä.
=700  1\$iElokuvan perustana$aBallard, J. G.$tEmpire of the sun.
=856  42$uhttp://www.afi.com/members/catalog/DetailView.aspx?s=&Movie=67175$yAFI catalog
=856  42$uhttp://www.elonet.fi/fi/elokuva/107441$yElonet
=856  42$uhttp://www.imdb.com/title/tt0092965/?ref_=fn_al_tt_1$yIMDb
=856  42$uhttps://en.wikipedia.org/wiki/Empire_of_the_Sun_(film)$yWikipedia

