=LDR  00550caa a22001574i 4500
=001  008945547
=003  FI-MELINDA
=005  20151009012618.0
=008  950915s1988\\\\xx\||||||||||\||||||||||c
=035  \\$a(FI-MELINDA)008945547
=100  1\$aBallard, J. G.$1http://viaf.org/viaf/9842556$4http://rdaregistry.info/Elements/w/object/P10061
=245  10$aMemories of the space age.
=336  \\$ateksti$btxt$2rdacontent
=337  \\$akäytettävissä ilman laitetta$bn$2rdamedia
=773  0\$7nnam$w(FI-MELINDA)002652604$tThe Penguin book of modern British short stories. -$b[New ed.]. -$dLondon ; New York : Penguin, 1988. -$z0-14-006306-4

