=LDR  00567caa a22001694i 4500
=001  008950330
=003  FI-MELINDA
=005  20210426142603.0
=008  960705s1995\\\\fi\||||||||||\||||||||||c
=035  \\$a(FI-MELINDA)008950330
=100  1\$aBallard, J. G.$1http://viaf.org/viaf/9842556$4http://rdaregistry.info/Elements/w/object/P10061
=240  12$aA host of furious fancies
=245  10$aHurjia haluja.
=336  \\$ateksti$btxt$2rdacontent
=337  \\$akäytettävissä ilman laitetta$bn$2rdamedia
=773  0\$7nnam$w(FI-MELINDA)000813053$tVärisyttävä kosketus. -$dHyvinkää : Book Studio. -$kCollector antologia ; 13. -$z951-611-745-7. -$g2

