=LDR  00603caa a22001454i 4500
=001  009062114
=003  FI-MELINDA
=005  20201211094014.0
=008  091106s2009\\\\fi\||||||||||\||||||||||c
=035  \\$a(FI-MELINDA)009062114
=100  1\$aKujansivu, Heikki.
=245  10$aJ. G. Ballard :$bihminen, teknologia ja yhteiskunta /$cHeikki Kujansivu.
=336  \\$ateksti$btxt$2rdacontent
=337  \\$akäytettävissä ilman laitetta$bn$2rdamedia
=773  0\$7nnam$w(FI-MELINDA)005621782$tImperiumin perilliset : esseitä brittiläisestä nykykirjallisuudesta. -$d[Helsinki] : Avain, 2009. -$kCafé Voltaire. -$z978-952-5524-73-4

