=LDR  00635caa a22001814i 4500
=001  009098898
=003  FI-MELINDA
=005  20211224101326.0
=008  130220s2013\\\\xxua|||g\6|||\000\1\eng\c
=035  \\$a(FI-MELINDA)009098898
=041  0\$aeng
=084  \\$a85.35$2ykl
=100  0\$aOnsmith.
=240  10$aCrash$1http://viaf.org/viaf/305922109
=245  10$aCrash.
=336  \\$ateksti$btxt$2rdacontent
=337  \\$akäytettävissä ilman laitetta$bn$2rdamedia
=700  1\$aBallard, J. G.
=773  0\$7nnam$w(FI-MELINDA)007041173$tThe graphic canon. Volume 3, From Heart of darkness to Hemingway to Infinite jest. -$b1st ed$dNew York, NY : Seven Stories Press, 2013. -$mxii, 563 s. -$z978-1-60980-380-3

