=LDR  00506cam a22001937i 4500
=001  009258071
=003  FI-MELINDA
=005  20160209022007.0
=008  040524s1988\\\\xx\||||\||||||||||||swe||
=020  \\$a91-46-15543-0
=035  \\$a(FI-MELINDA)009258071
=041  1\$aswe$heng
=084  \\$a84.31
=100  1\$aBallard, J. G.$1http://viaf.org/viaf/9842556$4http://rdaregistry.info/Elements/w/object/P10061
=245  10$aSkapelsens dag /$cJ. G. Ballard
=260  \\$c1988
=336  \\$ateksti$btxt$2rdacontent
=337  \\$akäytettävissä ilman laitetta$bn$2rdamedia
=338  \\$anide$bnc$2rdacarrier

