=LDR  01548cam a22004214i 4500
=001  009345285
=003  FI-MELINDA
=005  20210216102650.0
=008  150723s2016\\\\xxk||||g\||||\|||\1|eng|c
=020  \\$a978-0-00-813489-1$qnidottu
=035  \\$a(FI-MELINDA)009345285
=040  \\$bfin$erda
=041  0\$aeng
=084  \\$a84.5$2ykl
=100  1\$aBallard, J. G.,$ekirjoittaja.$1http://viaf.org/viaf/9842556$4http://rdaregistry.info/Elements/w/object/P10061
=240  10$aHigh-rise$1http://viaf.org/viaf/308016990
=245  10$aHigh-Rise /$cJ. G. Ballard.
=264  \1$aLondon :$bFourth Estate,$c2016
=300  \\$a248 sivua ;$c20 cm
=336  \\$ateksti$btxt$2rdacontent
=337  \\$akäytettävissä ilman laitetta$bn$2rdamedia
=338  \\$anide$bnc$2rdacarrier
=600  14$aLaing, Robert$c(fiktiivinen hahmo)
=600  14$aRoyal, Anthony$c(fiktiivinen hahmo)
=600  14$aWilder, Richard$c(fiktiivinen hahmo)
=650  \7$aarkkitehdit$2kaunokki
=650  \7$ailkivalta$2kaunokki
=650  \7$akaaos$2kaunokki
=650  \7$akerrostalot$xlähiöt$zLontoo$2kaunokki
=650  \7$akonfliktit$xnaapurit$2kaunokki
=650  \7$alääkärit$2kaunokki
=650  \7$amoraali$xrappio$2kaunokki
=650  \7$asosiaaliset suhteet$xpilvenpiirtäjät$2kaunokki
=650  \7$aunelmat$xasuminen$2kaunokki
=650  \7$ayhteiskuntaluokat$xeriarvoisuus$2kaunokki
=655  \7$amusta huumori$2slm/fin$0http://urn.fi/URN:NBN:fi:au:slm:s270
=655  \7$apsykologiset romaanit$2slm/fin$0http://urn.fi/URN:NBN:fi:au:slm:s604
=655  \7$apsykologiska romaner$2slm/swe$0http://urn.fi/URN:NBN:fi:au:slm:s604
=655  \7$asvart humor$2slm/swe$0http://urn.fi/URN:NBN:fi:au:slm:s270

