=LDR  00671cam a22002534i 4500
=001  009920480
=003  FI-MELINDA
=005  20210129092118.0
=008  030806s2003\\\\xxk||||||||||\||||1|eng|c
=020  \\$a0-00-225848-X$qsidottu
=035  \\$a(FI-MELINDA)009920480
=041  0\$aeng
=084  \\$a84.5$2ykl
=100  1\$aBallard, J. G.$1http://viaf.org/viaf/9842556$4http://rdaregistry.info/Elements/w/object/P10061
=245  10$aMillennium people /$cJ. G. Ballard.
=260  \\$aLondon :$bHarperCollins,$c2003.
=300  \\$a294 sivua ;$c23 cm
=336  \\$ateksti$btxt$2rdacontent
=337  \\$akäytettävissä ilman laitetta$bn$2rdamedia
=338  \\$anide$bnc$2rdacarrier
=490  1\$aFlamingo
=830  \0$aFlamingo.

