=LDR  00709cam a22002294i 4500
=001  009976745
=003  FI-MELINDA
=005  20210130042552.0
=008  071010s2007\\\\sw\||||||||||\||||1|swe|c
=020  \\$a978-91-85000-51-7$qhäftad
=035  \\$a(FI-MELINDA)009976745
=041  1\$aswe$heng
=084  \\$a84.31$2ykl
=100  1\$aBallard, J. G.$1http://viaf.org/viaf/9842556$4http://rdaregistry.info/Elements/w/object/P10061
=240  14$aThe atrocity exhibition
=245  10$aSkändlighetsutställningen /$cJ. G. Ballard ; översättning och efterord: K. G. Johansson ; fördord: William S. Burroughs.
=260  \\$a[Stockholm] :$bVertigo,$c2007.
=300  \\$a225 sidor
=336  \\$atext$btxt$2rdacontent
=337  \\$aoförmedlad$bn$2rdamedia
=338  \\$avolym$bnc$2rdacarrier

