=LDR  00570cam a22001934i 4500
=001  009999534
=003  FI-MELINDA
=005  20210130114658.0
=008  800101s1994\\\\fi\||||||||||\||||||eng|c
=020  \\$a0-00-654814-8$qnidottu
=035  \\$a(FI-MELINDA)009999534
=041  0\$aeng
=100  1\$aBallard, J. G.$1http://viaf.org/viaf/9842556$4http://rdaregistry.info/Elements/w/object/P10061
=245  10$aRushing to paradise /$cJ. G. Ballard.
=260  \\$aEngland ;$aLondon :$bHarper Collins publishers,$c1994.
=300  \\$a238 sivua
=336  \\$ateksti$btxt$2rdacontent
=337  \\$akäytettävissä ilman laitetta$bn$2rdamedia
=338  \\$anide$bnc$2rdacarrier

