=LDR  00611cam a22002057i 4500
=001  010038453
=003  FI-MELINDA
=005  20210130034829.0
=008  091003s2005\\\\xxka\\\|\\\\\\00|\f|eng|c
=020  \\$a978-0-7432-6523-2$qnidottu
=035  \\$a(FI-MELINDA)010038453
=041  1\$aeng
=084  \\$a84.5$2ykl
=100  1\$aBallard, J. G.$1http://viaf.org/viaf/9842556$4http://rdaregistry.info/Elements/w/object/P10061
=240  10$aEmpire of the sun$1http://viaf.org/viaf/180997771
=245  10$aEmpire of the sun :$ba novel. /$cJ.G. Ballard.
=260  \\$aNew York :$bSimon & Schuster Paperbacks,$c2005.
=300  \\$a279 sivua ;$c22 cm
=336  \\$ateksti$btxt$2rdacontent
=337  \\$akäytettävissä ilman laitetta$bn$2rdamedia
=338  \\$anide$bnc$2rdacarrier

