=LDR  03069cgm a22006134i 4500
=001  010076450
=003  FI-MELINDA
=005  20210612151816.0
=007  vd|cv||||
=008  140402r20111987fi\|||\g\\\\\|\\\\v|eng|c
=024  3\$a5051895065655
=028  01$a73737
=028  41$bWarner Home Video$a1000202787
=028  41$bWarner Home Video$a5000097239
=035  \\$a(FI-MELINDA)010076450
=040  \\$bfin
=041  1\$aeng$ager$aspa$jfin$jswe$jdan$jnor$jeng$jger$jspa$jhrv$jcze$jgre$jheb$jhun$jpol$jpor$jsrp$jslv$jtur$heng
=084  \\$a84.2$2ykl
=084  9\$aSota$2ykl
=130  10$aEmpire of the sun$1http://viaf.org/viaf/293611582
=245  10$aAuringon valtakunta /$cdirected by Steven Spielberg ; screenplay by Tom Stoppard ; produced by Steven Spielberg, Kathleen Kennedy, Frank Marshall.
=260  \\$a[Helsinki] :$bWarner Bros. Entertainment Finland [jakaja],$c[2011]
=300  \\$a1 DVD-videolevy (146 min) :$bvärillinen, ääni
=336  \\$akaksiulotteinen liikkuva kuva$btdi$2rdacontent
=337  \\$avideo$bv$2rdamedia
=338  \\$avideolevy$bvd$2rdacarrier
=336  \\$atodimensjonalt levende bilde$2rdacontent$0http://rdaregistry.info/termList/RDAContentType/1023
=337  \\$avideo$2rdamedia$0http://rdaregistry.info/termList/RDAMediaType/1008
=338  \\$avideoplate$2rdacarrier$0http://rdaregistry.info/termList/RDACarrierType/1060
=380  \\$afilmverk$0https://schema.nb.no/Bibliographic/Values/V1002
=500  \\$aElokuvan perustana: Empire of the sun / J. G. Ballard.
=505  0\$aLisämateriaali: Behind-the-scenes documentary: "The China odyssey".
=506  1\$aKielletty alle 12-vuotiailta.
=511  0\$aPääosissa: John Malkovich, Miranda Richardson, Nigel Havers, Christian Bale.
=534  \\$pAlun perin julkaistu:$cAmblin Entertainment, 1987.
=540  \\$aLainausoikeus.
=546  \\$aVaihtoehtoiset ääniraidat: englanti, saksa, espanja ; tekstitys: suomi, ruotsi, norja, tanska, espanja, kroatia, tšekki, kreikka, heprea, unkari, puola, portugali, serbia, sloveeni, turkki sekä englanti ja saksa kuulovammaisille.
=546  \\$aVaihtoehtoiset ääniraidat: englanti, saksa, espanja ; tekstitys: suomi, ruotsi, norja, tanska, espanja, kroatiatšekki, kreikka, heprea, unkari, puola, portugali, serbia, sloveeni, turkki sekä englanti ja saksa kuulovammaisille.
=650  \7$asotilaat$xjapanilaiset$2kaunokki
=650  \7$atoinen maailmansota$zJapani$y1941$2kaunokki
=655  \7$adraamaelokuvat$2slm/fin$0http://urn.fi/URN:NBN:fi:au:slm:s627
=655  \7$adramafilmer$2slm/swe$0http://urn.fi/URN:NBN:fi:au:slm:s627
=655  \7$aelokuvat$zYhdysvallat$y1980-luku$2kaunokki
=655  \7$afilmatisointi$xromaanit$2kaunokki
=655  \7$akrigsfilmer$2slm/swe$0http://urn.fi/URN:NBN:fi:au:slm:s1073
=655  \7$asotaelokuvat$2slm/fin$0http://urn.fi/URN:NBN:fi:au:slm:s1073
=700  1\$aBale, Christian,$enäyttelijä.
=700  1\$aBallard, J. G.,$ekirjoittaja.$tEmpire of the sun.
=700  1\$aDaviau, Allen,$ekuvaaja.
=700  1\$aHavers, Nigel,$enäyttelijä.
=700  1\$aKennedy, Kathleen,$etuottaja.
=700  1\$aMalkovich, John,$enäyttelijä.
=700  1\$aMarshall, Frank,$etuottaja.
=700  1\$aRichardson, Miranda,$enäyttelijä.
=700  1\$aSpielberg, Steven,$etuottaja,$eohjaaja.
=700  1\$aStoppard, Tom,$ekäsikirjoittaja.
=700  1\$aWilliams, John,$esäveltäjä.
=700  1\$iElokuvan perustana$aBallard, J. G.$tEmpire of the sun.

