=LDR  00480caa a22001574i 4500
=001  010323304
=003  FI-MELINDA
=005  20210117023643.0
=008  101008s1982\\\\xxk||||||||||\||||||||||c
=035  \\$a(FI-MELINDA)010323304
=100  1\$aBallard, J. G.$1http://viaf.org/viaf/9842556$4http://rdaregistry.info/Elements/w/object/P10061
=245  10$aVenus smiles.
=336  \\$ateksti$btxt$2rdacontent
=337  \\$akäytettävissä ilman laitetta$bn$2rdamedia
=773  0\$7nnam$w(FI-MELINDA)010138506$tModern short stories. -$dLondon : Dent. -$z0-460-01149-9. -$g2

