=LDR  00535caa a22001574i 4500
=001  011386545
=003  FI-MELINDA
=005  20210127195822.0
=008  040217s1983\\\\xxk||||||||||\||||||||||c
=035  \\$a(FI-MELINDA)011386545
=100  1\$aBallard, J. G.$1http://viaf.org/viaf/9842556$4http://rdaregistry.info/Elements/w/object/P10061
=245  10$aBillennium.
=336  \\$ateksti$btxt$2rdacontent
=337  \\$akäytettävissä ilman laitetta$bn$2rdamedia
=773  0\$7nnam$w(FI-MELINDA)004705471$tConstellations : stories of the future. -$dLondon : Heinemann Educational Books, 1987. -$kPuffin plus. -$z0-435-12291-6

