=LDR  02466cam a22005534i 4500
=001  011427941
=003  FI-MELINDA
=005  20191111142636.0
=008  170530t20041954xxk||||g\||||\000|fbeng|c
=020  \\$a978-0-09-945820-3$qnidottu
=024  3\$a9780099458203
=035  \\$a(FI-MELINDA)011427941
=040  \\$aFI-Piki$bfin$erda
=041  \\$aeng
=084  \\$a14.11$2ykl
=084  \\$a59.5673$2ykl
=100  1\$aHuxley, Aldous,$ekirjoittaja.
=245  14$aThe doors of perception and Heaven and hell /$cAldous Huxley ; with a foreword by J. G. Ballard and a bibliographical introduction by David Bradshaw.
=246  30$aHeaven and hell
=264  \1$aLondon:$bVintage Books,$c2004
=264  \4$c©1954,$c©1956
=300  \\$axviii, 123 sivua ;$c20 cm
=336  \\$ateksti$btxt$2rdacontent
=337  \\$akäytettävissä ilman laitetta$bn$2rdamedia
=338  \\$anide$bnc$2rdacarrier
=490  0\$aVintage Classics
=600  14$aHuxley, Aldous.
=650  \7$aerfarenheter$2yso/swe$0http://www.yso.fi/onto/yso/p3209
=650  \7$afrigörelse$2yso/swe$0http://www.yso.fi/onto/yso/p8930
=650  \7$ahallucinationer$2yso/swe$0http://www.yso.fi/onto/yso/p10960
=650  \7$aharha-aistimukset$2yso/fin$0http://www.yso.fi/onto/yso/p10960
=650  \7$ahavaintopsykologia$2yso/fin$0http://www.yso.fi/onto/yso/p4033
=650  \7$ahuumeet$2yso/fin$0http://www.yso.fi/onto/yso/p5465
=650  \7$akokemukset$2yso/fin$0http://www.yso.fi/onto/yso/p3209
=650  \7$amedvetande$2yso/swe$0http://www.yso.fi/onto/yso/p7065
=650  \7$amystiikka$2yso/fin$0http://www.yso.fi/onto/yso/p5405
=650  \7$amystik$2yso/swe$0http://www.yso.fi/onto/yso/p5405
=650  \7$anarkotika$2yso/swe$0http://www.yso.fi/onto/yso/p5465
=650  \7$anäyt$2yso/fin$0http://www.yso.fi/onto/yso/p10963
=650  \7$aperceptionspsykologi$2yso/swe$0http://www.yso.fi/onto/yso/p4033
=650  \7$apsyket$2yso/swe$0http://www.yso.fi/onto/yso/p10626
=650  \7$apsyyke$2yso/fin$0http://www.yso.fi/onto/yso/p10626
=650  \7$asyner$2yso/swe$0http://www.yso.fi/onto/yso/p10963
=650  \7$atajunta$2yso/fin$0http://www.yso.fi/onto/yso/p7065
=650  \7$avapautuminen$2yso/fin$0http://www.yso.fi/onto/yso/p8930
=655  \7$aessäer$2slm/swe$0http://urn.fi/URN:NBN:fi:au:slm:s110
=655  \7$aesseet$2slm/fin$0http://urn.fi/URN:NBN:fi:au:slm:s110
=700  1\$aBallard, J. G.,$eesipuheen kirjoittaja.
=700  1\$aBradshaw, David,$ejohdannon kirjoittaja.

