=LDR  02189cam a22005774i 4500
=001  011516440
=003  FI-MELINDA
=005  20220203170547.0
=008  171010s1992\\\\fi\|||||||||||||||f|fin||
=020  \\$a951-1-12228-2$qsidottu
=035  \\$a(FI-MELINDA)011516440
=035  \\$z(FI-MELINDA)000466595
=035  \\$z(FI-MELINDA)009313543
=040  \\$aFI-NL$bfin
=041  1\$afin$heng
=042  \\$afinb
=080  \\$a820$x-3
=080  \\$a820$x-31
=084  \\$a84.2$2ykl
=100  1\$aBallard, J. G.$1http://viaf.org/viaf/9842556$4http://rdaregistry.info/Elements/w/object/P10061
=240  14$aThe kindness of women
=245  10$aKiitos naisten /$cJ. G. Ballard ; suomentanut Juhani Lindholm.
=260  \\$aHelsingissä :$bOtava,$c1992.
=300  \\$a376 s. ;$c22 cm
=336  \\$ateksti$btxt$2rdacontent
=337  \\$akäytettävissä ilman laitetta$bn$2rdamedia
=338  \\$anide$bnc$2rdacarrier
=490  \0$aOtavan kirjasto
=490  1\$aOtavan kirjasto
=515  \\$a007539201.
=583  \\$aAUTOMATICALLY MERGED FROM (FI-MELINDA)009313543 + (FI-MELINDA)000466595$c2017-10-10T05:11:56+03:00$5MELINDA
=650  \4$amiehen elämä
=650  \7$abarndom$2yso/swe$0http://www.yso.fi/onto/yso/p13735
=650  \7$aEnglanti$y1960-1980-luku$2kaunokki
=650  \7$afångläger$2yso/swe$0http://www.yso.fi/onto/yso/p145
=650  \7$afinsk litteratur$2yso/swe$0http://www.yso.fi/onto/yso/p16810
=650  \7$aKiina$y1930-1940-luku$2kaunokki
=650  \7$alapsuus$2kaunokki
=650  \7$alapsuus$2yso/fin$0http://www.yso.fi/onto/yso/p13735
=650  \7$amuistelmaromaanit$2kaunokki
=650  \7$amuistelmat$xkirjailijat$2kaunokki
=650  \7$aromaanit$xkäännökset$xsuomen kieli$xenglannin kieli$2kaunokki
=650  \7$aromaner$xöversättningar$xfinska$xengelska$2bella
=650  \7$asuomenkielinen kirjallisuus$2yso/fin$0http://www.yso.fi/onto/yso/p16810
=650  \7$avankileirit$2kaunokki
=650  \7$avankileirit$2yso/fin$0http://www.yso.fi/onto/yso/p145
=655  \7$akaunokirjallisuus$2slm/fin$0http://urn.fi/URN:NBN:fi:au:slm:s975
=655  \7$askönlitteratur$2slm/swe$0http://urn.fi/URN:NBN:fi:au:slm:s975
=700  1\$aLindholm, Juhani.$0(FI-ASTERI-N)000111549
=830  \0$aOtavan kirjasto.

