=LDR  01124cab a22002774i 4500
=001  012345302
=003  FI-MELINDA
=005  20210920230229.0
=008  970211s1996\\\\fi\|||||\||||||||||0fin||
=035  \\$a(FI-MELINDA)012345302
=041  0\$afin
=080  \\$a894.541
=100  1\$aJerrman, Toni.
=245  10$aAntikuvat.
=336  \\$ateksti$btxt$2rdacontent
=337  \\$akäytettävissä ilman laitetta$bn$2rdamedia
=380  \\$akirja-arvostelu
=600  14$aBallard, James Graham.$tCrash.
=650  \7$ascience fiction-litteratur$2yso/swe$0http://www.yso.fi/onto/yso/p15527
=650  \7$atieteiskirjallisuus$2yso/fin$0http://www.yso.fi/onto/yso/p15527
=655  \7$akirja-arvostelut$2slm/fin$0http://urn.fi/URN:NBN:fi:au:slm:s1093
=655  \7$alitteraturrecensioner$2slm/swe$0http://urn.fi/URN:NBN:fi:au:slm:s1093
=773  0\$7nnas$w(FI-MELINDA)000590328$w(FI-Arto)1386296$tTähtivaeltaja. -$dHelsinki : Helsingin science fiction -seura. -$x0781-271X. -$g15 (1996) : 4, s. 25$q0004
=787  08$iArvosteltu teos:$tCrash$aJ. G. Ballard ; suomennos Ville Keynäs.$dHelsinki, 1996

