=LDR  00946cab a22002414i 4500
=001  012419794
=003  FI-MELINDA
=005  20210921002911.0
=008  981029s1997\\\\fi\|||||\||||||||||0fin||
=035  \\$a(FI-MELINDA)012419794
=041  0\$afin
=100  1\$aPajunen, Hannu.
=245  10$aKoettuja :$bkirjat.
=336  \\$ateksti$btxt$2rdacontent
=337  \\$akäytettävissä ilman laitetta$bn$2rdamedia
=380  \\$akirja-arvostelu
=600  14$aBallard, James Graham.$tCrash.
=655  \7$akirja-arvostelut$2slm/fin$0http://urn.fi/URN:NBN:fi:au:slm:s1093
=655  \7$alitteraturrecensioner$2slm/swe$0http://urn.fi/URN:NBN:fi:au:slm:s1093
=773  0\$7nnas$w(FI-MELINDA)000684852$w(FI-Arto)234117$tSpin. -$dTurku : Turun Science Fiction -seura, 1977-. -$x0785-2851. -$g21 (1997) : 1, s. 50-51$q0001
=787  08$iArvosteltu teos:$tCrash = Kolari$aJ. G. Ballard ; suomentanut Ville Keynäs.$dHelsinki, 1996

