=LDR  01246cab a22003494i 4500
=001  012686165
=003  FI-MELINDA
=005  20210921060831.0
=008  860203s1985\\\\fi\|||||\||||\|||||0fin|c
=035  \\$a(FI-MELINDA)012686165
=040  \\$aFI-BTJ
=041  0\$afin
=080  \\$a820/89$x(048)
=084  \\$a86.2/.9$2ykl
=100  1\$aTanner, Riikka.
=245  10$aSitoumusbridgeä Shanghaissa.
=246  3\$aAuringon valtakunta
=336  \\$ateksti$btxt$2rdacontent
=337  \\$akäytettävissä ilman laitetta$bn$2rdamedia
=380  \\$akirja-arvostelu
=600  14$aBallard, J. G.$tAuringon valtakunta.
=653  \\$aKirjallisuusarvostelut
=655  \7$akirja-arvostelut$2slm/fin$0http://urn.fi/URN:NBN:fi:au:slm:s1093
=655  \7$alitteraturrecensioner$2slm/swe$0http://urn.fi/URN:NBN:fi:au:slm:s1093
=773  0\$7nnas$w(FI-MELINDA)004154452$w(FI-Arto)1386294$tParnasso. -$x0031-2320. -$g35(1985) : 8, s. 521-522$q0008
=787  08$iArvosteltu teos:$tAuringon valtakunta /$aJ. G. Ballard.
=787  08$iArvosteltu teos:$tAuringon valtakunta$aJ. G. Ballard

