=LDR  00894cab a22002654i 4500
=001  012725559
=003  FI-MELINDA
=005  20210921235652.0
=008  890126s1988\\\\fi\|||||\||||||||||0fin||
=035  \\$a(FI-MELINDA)012725559
=041  0\$afin
=080  \\$a820/89$x(048)
=084  \\$a86.2/.9$2ykl
=100  1\$aSavolainen, Matti.
=245  10$aKirja-arvostelu.
=336  \\$ateksti$btxt$2rdacontent
=337  \\$akäytettävissä ilman laitetta$bn$2rdamedia
=380  \\$akirja-arvostelu
=655  \7$akirja-arvostelut$2slm/fin$0http://urn.fi/URN:NBN:fi:au:slm:s1093
=655  \7$alitteraturrecensioner$2slm/swe$0http://urn.fi/URN:NBN:fi:au:slm:s1093
=700  1\$aBallard, J. G.
=773  0\$7nnas$w(FI-MELINDA)003109307$w(FI-Arto)1444$tPortti. -$x0359-114X. -$g7(1988) : 3, s. 53-55$q0003
=787  08$iArvosteltu teos:$tLuomisen päivä$aJ. G. Ballard

