=LDR  00877cab a22002534i 4500
=001  012942248
=003  FI-MELINDA
=005  20210114232123.0
=008  040506s2004\\\\fi\|||||\||||||||||0fin||
=035  \\$a(FI-MELINDA)012942248
=041  1\$afin
=080  \\$a820
=080  \\$a894.541
=100  1\$aSisättö, Vesa.
=245  10$aAntikuvat.
=336  \\$ateksti$btxt$2rdacontent
=337  \\$akäytettävissä ilman laitetta$bn$2rdamedia
=380  \\$akirja-arvostelu
=600  14$aBallard, J. G.$tSuper-Cannes.
=650  \4$akirja-arvostelut$xtieteiskirjallisuus
=773  0\$7nnas$w(FI-MELINDA)000590328$w(FI-Arto)1386296$tTähtivaeltaja. -$dHelsinki : Helsingin science fiction -seura. -$x0781-271X. -$g23 (2004) : 1, s. 30$q0001
=787  08$iArvosteltu teos:$tSuper-Cannes$aJ. G. Ballard ; suomentanut Hannu Tervaharju.$dHelsinki, 2003

