=LDR  01497cab a22003374i 4500
=001  012950285
=003  FI-MELINDA
=005  20210922060619.0
=008  040728s2004\\\\fi\|||||\||||||||||0fin||
=035  \\$a(FI-MELINDA)012950285
=041  0\$afin
=080  \\$a820
=080  \\$a850
=100  1\$aWidenius, Erkki.
=245  10$aKirjakatsaus.
=336  \\$ateksti$btxt$2rdacontent
=337  \\$akäytettävissä ilman laitetta$bn$2rdamedia
=380  \\$akirja-arvostelu
=600  14$aBallard, J. G.$tSuper-Cannes.
=600  14$aBenni, Stefano.$tKeplo.
=650  \7$afantasiakirjallisuus$2yso/fin$0http://www.yso.fi/onto/yso/p14840
=650  \7$afantasylitteratur$2yso/swe$0http://www.yso.fi/onto/yso/p14840
=650  \7$ascience fiction-litteratur$2yso/swe$0http://www.yso.fi/onto/yso/p15527
=650  \7$atieteiskirjallisuus$2yso/fin$0http://www.yso.fi/onto/yso/p15527
=655  \7$akirja-arvostelut$2slm/fin$0http://urn.fi/URN:NBN:fi:au:slm:s1093
=655  \7$alitteraturrecensioner$2slm/swe$0http://urn.fi/URN:NBN:fi:au:slm:s1093
=773  0\$7nnas$w(FI-MELINDA)003109307$w(FI-Arto)1444$tPortti : Tampereen science fiction seuran lehti. -$dTampere : Tampereen Science Fiction seura, 1982-. -$x0359-114X. -$g23 (2004) : 2, s. 116-117$q0002
=787  08$iArvosteltu teos:$tKeplo$aStefano Benni ; suomentanut Laura Lahdensuu.$dHelsinki, 2004
=787  08$iArvosteltu teos:$tSuper-Cannes$aJ. G. Ballard ; suomentanut Hannu Tervaharju.$dHelsinki, 2003

