=LDR  00869cab a22002414i 4500
=001  012964487
=003  FI-MELINDA
=005  20210114232429.0
=008  041118s2004\\\\fi\|||||\||||||||||0fin||
=035  \\$a(FI-MELINDA)012964487
=041  0\$afin
=080  \\$a894.541
=100  1\$aKaskimies, Heikki.
=245  10$aLähitulevaisuuttako?.
=336  \\$ateksti$btxt$2rdacontent
=337  \\$akäytettävissä ilman laitetta$bn$2rdamedia
=380  \\$akirja-arvostelu
=600  14$aBallard, J. G.$tSuper-Cannes.
=650  \7$akirja-arvostelut$xsalapoliisiromaani$2kitu
=773  0\$7nnas$w(FI-MELINDA)000590324$w(FI-Arto)1386293$tRuumiin kulttuuri. -$dHelsinki : Suomen dekkariseura. -$x0781-7452. -$g21 (2004) : 1, s. 58-59$q0001
=787  08$iArvosteltu teos:$tSuper-Cannes$aJ. G. Ballard ; suomentanut Hannu Tervaharju.$dHelsinki, 2003

