=LDR  00846cab a22002294i 4500
=001  013031849
=003  FI-MELINDA
=005  20210114233420.0
=008  060802s2006\\\\fi\|||||\||||||||||0fin||
=035  \\$a(FI-MELINDA)013031849
=041  0\$afin
=100  1\$aVäisänen, Hannu.
=245  10$aKirjakatsaus.
=336  \\$ateksti$btxt$2rdacontent
=337  \\$akäytettävissä ilman laitetta$bn$2rdamedia
=380  \\$akirja-arvostelu
=600  14$aBallard, J. G.$tMillennium people.
=650  \7$akirja-arvostelut$xromaanit$2kitu
=773  0\$7nnas$w(FI-MELINDA)003109307$w(FI-Arto)1444$tPortti : Tampereen science fiction seuran lehti. -$dTampere : Tampereen Science Fiction seura, 1982-. -$x0359-114X. -$g25 (2006) : 2, s. 128$q0002
=787  08$iArvosteltu teos:$tMillennium people$aJ. G. Ballard.$dlondon, 2003

