=LDR  00991cab a22002774i 4500
=001  013790010
=003  FI-MELINDA
=005  20210923150227.0
=008  040802s2004\\\\fi\|||||\||||\|||||0fin|c
=035  \\$a(FI-MELINDA)013790010
=040  \\$aFI-BTJ
=041  \\$afin
=100  1\$aWidenius, Erkki.
=245  10$a[Kirja-arvostelu:Super-Cannes]
=336  \\$ateksti$btxt$2rdacontent
=337  \\$akäytettävissä ilman laitetta$bn$2rdamedia
=380  \\$akirja-arvostelu
=600  14$aBallard, J. G.$tSuper-Cannes.
=655  \7$akirja-arvostelut$2slm/fin$0http://urn.fi/URN:NBN:fi:au:slm:s1093
=655  \7$alitteraturrecensioner$2slm/swe$0http://urn.fi/URN:NBN:fi:au:slm:s1093
=773  0\$7nnas$w(FI-MELINDA)003109307$w(FI-Arto)1444$tPortti. -$x0359-114X. -$g23(2004) : 2, s. 116
=787  08$iArvosteltu teos:$tSuper-Cannes /$aJ. G. Ballard.

