=LDR  01167cab a22003134i 4500
=001  013790352
=003  FI-MELINDA
=005  20210923150853.0
=008  060801s2006\\\\fi\|||||\||||\|||||0fin|c
=035  \\$a(FI-MELINDA)013790352
=040  \\$aFI-BTJ
=041  \\$afin
=084  \\$a86$2ykl
=100  1\$aVäisänen, Hannu.
=245  10$a[Kirja-arvostelu:Millennium people]
=336  \\$ateksti$btxt$2rdacontent
=337  \\$akäytettävissä ilman laitetta$bn$2rdamedia
=380  \\$akirja-arvostelu
=600  14$aBallard, J. G.$tMillennium people.
=650  \7$aromaanit$2yso/fin$0http://www.yso.fi/onto/yso/p1896
=650  \7$aromaner$2yso/swe$0http://www.yso.fi/onto/yso/p1896
=655  \7$akirja-arvostelut$2slm/fin$0http://urn.fi/URN:NBN:fi:au:slm:s1093
=655  \7$alitteraturrecensioner$2slm/swe$0http://urn.fi/URN:NBN:fi:au:slm:s1093
=773  0\$7nnas$w(FI-MELINDA)003109307$w(FI-Arto)1444$tPortti. -$x0359-114X. -$g25(2006) : 2, s. 128
=787  08$iArvosteltu teos:$tMillennium people /$aJ. G. Ballard.

