=LDR  01331cab a22003374i 4500
=001  013791494
=003  FI-MELINDA
=005  20210923153043.0
=008  970102s1996\\\\fi\|||||\||||\|||||0fin|c
=035  \\$a(FI-MELINDA)013791494
=040  \\$aFI-BTJ
=041  \\$afin
=084  \\$a86.2/.9$2ykl
=100  1\$aRosvall, Matti.
=240  10$aCrash$1http://viaf.org/viaf/305922109
=245  10$a[Kirja-arvostelu:Crash - Kolari]
=336  \\$ateksti$btxt$2rdacontent
=337  \\$akäytettävissä ilman laitetta$bn$2rdamedia
=380  \\$akirja-arvostelu
=600  14$aBallard, J. G.$tCrash - Kolari.
=650  \7$aromaanit$2yso/fin$0http://www.yso.fi/onto/yso/p1896
=650  \7$aromaner$2yso/swe$0http://www.yso.fi/onto/yso/p1896
=650  \7$ascience fiction-litteratur$2yso/swe$0http://www.yso.fi/onto/yso/p15527
=650  \7$atieteiskirjallisuus$2yso/fin$0http://www.yso.fi/onto/yso/p15527
=655  \7$akirja-arvostelut$2slm/fin$0http://urn.fi/URN:NBN:fi:au:slm:s1093
=655  \7$alitteraturrecensioner$2slm/swe$0http://urn.fi/URN:NBN:fi:au:slm:s1093
=773  0\$7nnas$w(FI-MELINDA)003109307$w(FI-Arto)1444$tPortti. -$x0359-114X. -$g15(1996) : 4, s. 154-155
=787  08$iArvosteltu teos:$tCrash - Kolari /$aJ. G. Ballard.

