=LDR  01009cab a22002774i 4500
=001  013803859
=003  FI-MELINDA
=005  20210923160624.0
=008  040415s2004\\\\fi\|||||\||||\|||||0fin|c
=035  \\$a(FI-MELINDA)013803859
=040  \\$aFI-BTJ
=041  \\$afin
=100  1\$aKaskimies, Heikki.
=245  10$a[Kirja-arvostelu:Super-Cannes]
=336  \\$ateksti$btxt$2rdacontent
=337  \\$akäytettävissä ilman laitetta$bn$2rdamedia
=380  \\$akirja-arvostelu
=600  14$aBallard, J. G.$tSuper-Cannes.
=655  \7$akirja-arvostelut$2slm/fin$0http://urn.fi/URN:NBN:fi:au:slm:s1093
=655  \7$alitteraturrecensioner$2slm/swe$0http://urn.fi/URN:NBN:fi:au:slm:s1093
=773  0\$7nnas$w(FI-MELINDA)000590324$w(FI-Arto)1386293$tRuumiin kulttuuri. -$x0781-7452. -$g21(2004) : 1, s. 58-59
=787  08$iArvosteltu teos:$tSuper-Cannes /$aJ. G. Ballard.

