=LDR  01188cab a22003494i 4500
=001  013959919
=003  FI-MELINDA
=005  20190704174609.0
=008  011030s2001\\\\fi\|||||\||||\|||||0fin|c
=035  \\$a(FI-MELINDA)013959919
=040  \\$aFI-BTJ
=041  \\$afin
=084  \\$a80$2ykl
=084  \\$a81$2ykl
=084  \\$a82$2ykl
=084  \\$a83$2ykl
=084  \\$a84$2ykl
=084  \\$a85$2ykl
=100  1\$aBallard, J. G.$1http://viaf.org/viaf/9842556$4http://rdaregistry.info/Elements/w/object/P10061
=245  10$aTäällä on ihanaa /$csuomennos: Ville Keynäs.
=336  \\$ateksti$btxt$2rdacontent
=337  \\$akäytettävissä ilman laitetta$bn$2rdamedia
=500  \\$aTieteisnovelli.
=650  \7$anoveller$2yso/swe$0http://www.yso.fi/onto/yso/p2126
=650  \7$anovellit$2yso/fin$0http://www.yso.fi/onto/yso/p2126
=650  \7$ascience fiction-litteratur$2yso/swe$0http://www.yso.fi/onto/yso/p15527
=650  \7$atieteiskirjallisuus$2yso/fin$0http://www.yso.fi/onto/yso/p15527
=773  0\$w(FI-MELINDA)000590328$7nnas$w(FI-Arto)1386296$tTähtivaeltaja. -$x0781-271X. -$g20(2001) : 2, s.70-75

