=LDR  00993cab a22002774i 4500
=001  013960916
=003  FI-MELINDA
=005  20210920184401.0
=008  000215s1999\\\\fi\|||||\||||\|||||0fin|c
=035  \\$a(FI-MELINDA)013960916
=040  \\$aFI-BTJ
=041  \\$afin
=100  1\$aJerrman, Toni.
=245  10$a[Kirja-arvostelu:Tornitalo]
=336  \\$ateksti$btxt$2rdacontent
=337  \\$akäytettävissä ilman laitetta$bn$2rdamedia
=380  \\$akirja-arvostelu
=600  14$aBallard, J. G.$tTornitalo.
=655  \7$akirja-arvostelut$2slm/fin$0http://urn.fi/URN:NBN:fi:au:slm:s1093
=655  \7$alitteraturrecensioner$2slm/swe$0http://urn.fi/URN:NBN:fi:au:slm:s1093
=773  0\$7nnas$w(FI-MELINDA)000590328$w(FI-Arto)1386296$tTähtivaeltaja. -$x0781-271X. -$g18(1999) : 4, s. 29-30
=787  08$iArvosteltu teos:$tTornitalo /$aJ. G. Ballard.

