=LDR  02435cab a22005054i 4500
=001  013960964
=003  FI-MELINDA
=005  20190704175021.0
=008  011030s2001\\\\fi\|||||\||||\|||||0fin|c
=035  \\$a(FI-MELINDA)013960964
=040  \\$aFI-BTJ
=041  \\$afin
=084  \\$a86.1$2ykl
=100  1\$aSarasti, Kristiina.
=245  10$aTajunnan alkemisti :$bJ. G. Ballard ja sisäavaruuden alkuaineet.
=336  \\$ateksti$btxt$2rdacontent
=337  \\$akäytettävissä ilman laitetta$bn$2rdamedia
=500  \\$aEnglantilaisen J. G. Ballardin teknokatastrofiromaanit.
=650  \7$aförfattare$2yso/swe$0http://www.yso.fi/onto/yso/p8970
=650  \7$aihminen$2yso/fin$0http://www.yso.fi/onto/yso/p18849
=650  \7$ainnehållsanalys$2yso/swe$0http://www.yso.fi/onto/yso/p14612
=650  \7$akirjailijat$2yso/fin$0http://www.yso.fi/onto/yso/p8970
=650  \7$akirjallisuudentutkimus$2yso/fin$0http://www.yso.fi/onto/yso/p1066
=650  \7$alitteraturvetenskap$2yso/swe$0http://www.yso.fi/onto/yso/p1066
=650  \7$amänniskan$2yso/swe$0http://www.yso.fi/onto/yso/p18849
=650  \7$amedvetande$2yso/swe$0http://www.yso.fi/onto/yso/p7065
=650  \7$aromaanit$2yso/fin$0http://www.yso.fi/onto/yso/p1896
=650  \7$aromaner$2yso/swe$0http://www.yso.fi/onto/yso/p1896
=650  \7$ascience fiction-litteratur$2yso/swe$0http://www.yso.fi/onto/yso/p15527
=650  \7$asisällönanalyysi$2yso/fin$0http://www.yso.fi/onto/yso/p14612
=650  \7$atajunta$2yso/fin$0http://www.yso.fi/onto/yso/p7065
=650  \7$ateemat$2yso/fin$0http://www.yso.fi/onto/yso/p3405
=650  \7$ateknologi$2yso/swe$0http://www.yso.fi/onto/yso/p2339
=650  \7$ateknologia$2yso/fin$0http://www.yso.fi/onto/yso/p2339
=650  \7$ateman$2yso/swe$0http://www.yso.fi/onto/yso/p3405
=650  \7$atieteiskirjallisuus$2yso/fin$0http://www.yso.fi/onto/yso/p15527
=650  \7$atolkning (kognition)$2yso/swe$0http://www.yso.fi/onto/yso/p4511
=650  \7$atulkinta$2yso/fin$0http://www.yso.fi/onto/yso/p4511
=651  \7$aIso-Britannia$2yso/fin$0http://www.yso.fi/onto/yso/p104990
=651  \7$aStorbritannien$2yso/swe$0http://www.yso.fi/onto/yso/p104990
=773  0\$w(FI-MELINDA)000590328$7nnas$w(FI-Arto)1386296$tTähtivaeltaja. -$x0781-271X. -$g20(2001) : 2, s.59-69

