=LDR  01839cab a22004094i 4500
=001  013960993
=003  FI-MELINDA
=005  20190704175028.0
=008  080811s2009\\\\fi\|||||\||||\|||||0fin|c
=035  \\$a(FI-MELINDA)013960993
=040  \\$aFI-BTJ
=041  \\$afin
=084  \\$a86.1$2ykl
=100  1\$aBlommila, Hannu.
=245  10$aJ. G. Ballard :$bin memoriam.
=336  \\$ateksti$btxt$2rdacontent
=337  \\$akäytettävissä ilman laitetta$bn$2rdamedia
=500  \\$aEnglantilainen tieteiskirjailija J. G. Ballard (15.11.1930-19.4.2009).
=650  \7$adystopiat$2yso/fin$0http://www.yso.fi/onto/yso/p20646
=650  \7$adystopier$2yso/swe$0http://www.yso.fi/onto/yso/p20646
=650  \7$aförfattare$2yso/swe$0http://www.yso.fi/onto/yso/p8970
=650  \7$ahenkilöhistoria$2yso/fin$0http://www.yso.fi/onto/yso/p2718
=650  \7$akirjailijat$2yso/fin$0http://www.yso.fi/onto/yso/p8970
=650  \7$akirjallisuus$2yso/fin$0http://www.yso.fi/onto/yso/p8113
=650  \7$alitteratur$2yso/swe$0http://www.yso.fi/onto/yso/p8113
=650  \7$anekrologer$2yso/swe$0http://www.yso.fi/onto/yso/p18348
=650  \7$anekrologit$2yso/fin$0http://www.yso.fi/onto/yso/p18348
=650  \7$apersonhistoria$2yso/swe$0http://www.yso.fi/onto/yso/p2718
=650  \7$ascience fiction-litteratur$2yso/swe$0http://www.yso.fi/onto/yso/p15527
=650  \7$atieteiskirjallisuus$2yso/fin$0http://www.yso.fi/onto/yso/p15527
=651  \7$aIso-Britannia$2yso/fin$0http://www.yso.fi/onto/yso/p104990
=651  \7$aStorbritannien$2yso/swe$0http://www.yso.fi/onto/yso/p104990
=773  0\$w(FI-MELINDA)000590328$7nnas$w(FI-Arto)1386296$tTähtivaeltaja. -$x0781-271X. -$g28(2009) : 2, s.56-57

