=LDR  01036cab a22002894i 4500
=001  014030499
=003  FI-MELINDA
=005  20210920220827.0
=008  890126s1988\\\\fi\|||||\||||\|||||0fin|c
=035  \\$a(FI-MELINDA)014030499
=040  \\$aFI-BTJ
=041  0\$afin
=084  \\$a86.2/.9$2ykl
=100  1\$aSavolainen, Matti.
=245  10$aKirja-arvostelu :$bLuomisen päivä
=336  \\$ateksti$btxt$2rdacontent
=337  \\$akäytettävissä ilman laitetta$bn$2rdamedia
=380  \\$akirja-arvostelu
=600  14$aBallard, J. G.$tLuomisen päivä.
=655  \7$akirja-arvostelut$2slm/fin$0http://urn.fi/URN:NBN:fi:au:slm:s1093
=655  \7$alitteraturrecensioner$2slm/swe$0http://urn.fi/URN:NBN:fi:au:slm:s1093
=773  0\$7nnas$w(FI-MELINDA)003109307$w(FI-Arto)1444$tPortti. -$x0359-114X. -$g7(1988) : 3, s. 53-55
=787  08$iArvosteltu teos:$tLuomisen päivä /$aJ. G. Ballard.

