=LDR  01002caa a22002294i 4500
=001  014428842
=003  FI-MELINDA
=005  20201221195038.0
=008  100120s1990\\\\fi\\\\\\\\\\\\\\\\\\fin\\
=035  \\$a(FI-MELINDA)014428842
=041  \\$afin
=080  \\$a82
=100  1\$aSavolainen, Matti.
=245  14$aThe wave of science fiction as postmodern literature :$bJ. G. Ballard as a test case.
=336  \\$ateksti$btxt$2rdacontent
=337  \\$akäytettävissä ilman laitetta$bn$2rdamedia
=600  14$aBallard, J. G.
=650  \7$akirjallisuudenhistoria$zYhdysvallat$y1960-luku$2kitu
=650  \7$atieteiskirjallisuus$zYhdysvallat$y1960-luku$2kitu
=773  0\$w(FI-MELINDA)003988820$7nnam$w(FI-Arto)1452732$tCriticism in the twilight zone : postmodern perspectives on literature and politics / edited with a foreword by Danuta Zadworna-Fjellestad ; co-edited by Lennart Björk. -$dStockholm : Almqvist & Wiksell international, 1990. -$z91-22-01314-8. -$gS. 121-128

