=LDR  00628cam a22002294i 4500
=001  014467079
=003  FI-MELINDA
=005  20191220083144.0
=008  020610s1997\\\\xx\||||||||||\||||1|eng|c
=020  \\$a0-0-0655064-9$qnidottu
=035  \\$a(FI-MELINDA)014467079
=040  \\$bfin
=041  0\$aeng
=084  \\$a84.5$2ykl
=100  1\$aBallard, J. G.$1http://viaf.org/viaf/9842556$4http://rdaregistry.info/Elements/w/object/P10061
=245  10$aCocaine nights /$cJ. G. Ballard.
=260  \\$aLondon :$bFlamingo,$c1997.
=300  \\$a328, 1 sivua :$bkuvitettu ;$c20 cm
=336  \\$ateksti$btxt$2rdacontent
=337  \\$akäytettävissä ilman laitetta$bn$2rdamedia
=338  \\$anide$bnc$2rdacarrier

