=LDR  02418cgm a22005774i 4500
=001  014474919
=003  FI-MELINDA
=005  20210612153255.0
=007  vd|csaizq
=008  170515s2017\\\\fi\|||\g\\\\\\\\\\vleng|c
=024  8\$a5706168998603
=028  41$bUniversal$a2005-91N0
=035  \\$a(FI-MELINDA)014474919
=040  \\$bfin$erda$dFI-Piki
=041  1\$aeng$jfin$jswe$jdan$jnor$heng
=049  \\$cK16
=084  \\$a84.2$2ykl
=130  10$aHigh Rise$1http://www.wikidata.org/entity/Q16994014
=245  10$aHigh-rise /$cwritten by Amy Jump ; directed by Ben Wheatley ; produced by Jeremy Thomas.
=264  \2$a[Helsinki] :$bUniversal Sony Pictures Home Entertainment Nordic,$c[2017]
=300  \\$a1 Blu-ray-videolevy (118 min) :$bvärillinen, ääni
=336  \\$akaksiulotteinen liikkuva kuva$btdi$2rdacontent
=337  \\$avideo$bv$2rdamedia
=338  \\$avideolevy$bvd$2rdacarrier
=336  \\$atodimensjonalt levende bilde$2rdacontent$0http://rdaregistry.info/termList/RDAContentType/1023
=337  \\$avideo$2rdamedia$0http://rdaregistry.info/termList/RDAMediaType/1008
=338  \\$avideoplate$2rdacarrier$0http://rdaregistry.info/termList/RDACarrierType/1060
=380  \\$afilmverk$0https://schema.nb.no/Bibliographic/Values/V1002
=500  \\$aBlu-ray.
=505  0\$aLisämateriaali: Bringing Ballard to the big screen.
=506  1\$aKielletty alle 16-vuotiailta.
=511  0\$aPääosissa: Tom Hiddleston, Jeremy Irons, Sienna Miller, Luke Evans.
=534  \\$pAlun perin julkaistu:$cHanWay Films, 2015.
=540  \\$aLainausoikeus.
=546  \\$aÄäniraita: englanti ; tekstitys: suomi, ruotsi, norja, tanska. - Kielimerkinnät levyltä.
=588  0\$aNimeke kannesta.
=650  \7$aasukkaat$2kaunokki$0http://www.yso.fi/onto/kauno/p4572
=650  \7$akerrostalot$2kaunokki$0http://www.yso.fi/onto/kauno/p5895
=655  \7$adraamaelokuvat$2slm/fin$0http://urn.fi/URN:NBN:fi:au:slm:s627
=655  \7$adramafilmer$2slm/swe$0http://urn.fi/URN:NBN:fi:au:slm:s627
=655  \7$aelokuvat$zIso-Britannia$zBelgia$y2010-luku$2kaunokki
=655  \7$afilmatiseringar$2slm/swe$0http://urn.fi/URN:NBN:fi:au:slm:s529
=655  \7$afilmatisoinnit$2slm/fin$0http://urn.fi/URN:NBN:fi:au:slm:s529
=700  1\$aEvans, Luke,$enäyttelijä.
=700  1\$aHiddleston, Tom,$enäyttelijä.
=700  1\$aIrons, Jeremy,$enäyttelijä.
=700  1\$aJump, Amy,$ekäsikirjoittaja.
=700  1\$aMansell, Clint,$esäveltäjä.
=700  1\$aMiller, Sienna,$enäyttelijä.
=700  1\$aRose, Laurie,$ekuvaaja.
=700  1\$aThomas, Jeremy,$etuottaja.
=700  1\$aWheatley, Ben,$eohjaaja.
=700  1\$iElokuvaversion perustana (teos):$aBallard, J. G.$tHigh-rise.
=710  2\$aHanway Films,$etuotantoyhtiö.
=758  \\$aHigh-rise$1http://viaf.org/viaf/308016990$4http://rdaregistry.info/Elements/w/object/P10129
=856  42$uhttps://www.imdb.com/title/tt0462335$yIMDb

