=LDR  01500cja a22003734i 4500
=001  015732409
=003  FI-MELINDA
=005  20211104193002.0
=007  sd|f||g|||m|||
=008  160222s2001\\\\xx\ptnn\|||||||nn\|\nor|\
=024  0\$aUSCWA0101704
=035  \\$a(FI-MELINDA)015732409
=040  \\$aFI-NLD
=041  0\$dnor
=042  \\$afinbd
=084  \\$a78.3411$2ykl
=100  1\$aMeidell, Jacob Gerhard,$esäveltäjä.$0(FI-ASTERI-N)000196754
=245  10$aDeilig er den himmel blå.
=246  13$aDeilig er den himmel blaa
=306  \\$a000234
=336  \\$aesitetty musiikki$bprm$2rdacontent
=337  \\$aaudio$bs$2rdamedia
=500  \\$aAihepiiri: joulu.
=511  0\$aChoral Arts Nortwest (kuoro). Sparks, Richard (kuoronjohtaja). Sunde, Stacey (sopraano). Ballard, Berith (altto). McCaffery-Lent, Robert (tenori). Braun, Timothy (basso).
=518  \\$aÄänitys: 1999-2000.
=700  1\$aBallard, Berith,$eesittäjä.
=700  1\$aBraun, Timothy,$eesittäjä.
=700  1\$aChristiansen, Paul J.,$esovittaja.$0(FI-ASTERI-N)000187052
=700  1\$aGrundtvig, N. F. S.,$esanoittaja.$0(FI-ASTERI-N)000104616
=700  1\$aMcCaffery-Lent, Robert,$eesittäjä.
=700  1\$aSparks, Richard,$ejohtaja.
=700  1\$aSunde, Stacey,$eesittäjä.
=710  2\$aChoral Arts Northwest,$eesittäjä.
=773  0\$7nnjm$w(FI-MELINDA)015602217$tA scandinavian christmas. -$d[Kustannuspaikka tuntematon] : [Loft Recordings], [2001]. -$h1 CD-äänilevy + tekstiliite. -$oLoft LRCD1017. -$gRaita 4

