=LDR  02105cim a22005054i 4500
=001  016714436
=003  FI-MELINDA
=005  20201123133823.0
=006  m|||||o||h|\|||||\
=007  cr||||||||||||
=007  sr||||||||||||
=008  200123s2011\\\\xxu|||||o||||||f||||eng|c
=020  \\$a9780007432752
=035  \\$a(FI-MELINDA)016714436
=040  \\$aFI-Piki$bfin$erda
=041  0\$deng
=084  \\$a84.5$2ykl
=084  9\$aNovellit$2ykl
=100  1\$aBallard, J. G.,$ekirjoittaja.$1http://viaf.org/viaf/9842556$4http://rdaregistry.info/Elements/w/object/P10061
=240  10$aCrash$1http://viaf.org/viaf/305922109
=245  10$aCrash /$cJ. G. Ballard ; introduction by Zadie Smith.
=250  \\$aUnabridged.
=264  \1$a[New York] :$bHarperCollins Publishers,$c[2011]
=300  \\$a1 verkkoaineisto (1 äänitiedosto ; kesto 5 h 59 min)
=336  \\$apuhe$bspw$2rdacontent
=337  \\$atietokonekäyttöinen$bc$2rdamedia
=338  \\$averkkoaineisto$bcr$2rdacarrier
=347  \\$aäänitiedosto$bMP3
=506  1\$aKäytettävissä lisenssin hankkineissa organisaatioissa.$fOnline access with authorization$2star
=511  0\$aLukija: Alastair Sill.
=530  \\$aJulkaistu myös painettuna.
=655  \7$aäänikirjat$2slm/fin$0http://urn.fi/URN:NBN:fi:au:slm:s579
=655  \7$aberättelser$2slm/swe$0http://urn.fi/URN:NBN:fi:au:slm:s618
=655  \7$ae-böcker$2slm/swe$0http://urn.fi/URN:NBN:fi:au:slm:s889
=655  \7$ae-kirjat$2slm/fin$0http://urn.fi/URN:NBN:fi:au:slm:s889
=655  \7$aenglanninkielinen kirjallisuus$2local
=655  \7$akaunokirjallisuus$2slm/fin$0http://urn.fi/URN:NBN:fi:au:slm:s975
=655  \7$akertomukset$2slm/fin$0http://urn.fi/URN:NBN:fi:au:slm:s618
=655  \7$aljudböcker$2slm/swe$0http://urn.fi/URN:NBN:fi:au:slm:s579
=655  \7$anoveller$2slm/swe$0http://urn.fi/URN:NBN:fi:au:slm:s27
=655  \7$anovellit$2slm/fin$0http://urn.fi/URN:NBN:fi:au:slm:s27
=655  \7$aromaanit$2slm/fin$0http://urn.fi/URN:NBN:fi:au:slm:s518
=655  \7$aromaner$2slm/swe$0http://urn.fi/URN:NBN:fi:au:slm:s518
=655  \7$askönlitteratur$2slm/swe$0http://urn.fi/URN:NBN:fi:au:slm:s975
=700  1\$aSill, Alastair,$elukija.
=700  1\$aSmith, Zadie,$eesipuheen kirjoittaja.

