=LDR  00828caa a22002054i 4500
=001  017393489
=003  FI-MELINDA
=005  20220210121424.0
=008  100114s2009\\\\fi\\\\\\\\\\\\\\\\\\fin\c
=035  \\$a(FI-MELINDA)017393489
=041  \\$afin
=080  \\$a82
=100  1\$aKujansivu, Heikki.
=245  10$aJ. G. Ballard :$bihminen, teknologia ja yhteiskunta.
=336  \\$ateksti$btxt$2rdacontent
=337  \\$akäytettävissä ilman laitetta$bn$2rdamedia
=600  14$aBallard, J. G.
=650  \4$aromaani$xteema$xyhteiskunta$zIso-Britannia$y1960-2000-luku
=773  0\$w(FI-MELINDA)005621782$7nnam$w(FI-Arto)1452229$tImperiumin perilliset : esseitä brittiläisestä nykykirjallisuudesta / Päivi Kosonen, Päivi Mäkirinta & Eila Rantonen (toim.). -$d[Helsinki] : Avain, 2009. -$z978-952-5524-73-4. -$gS. 100-111

