=LDR  02512cam a22004574i 4500
=001  017414417
=003  FI-MELINDA
=005  20201111092939.0
=008  200917s2017\\\\xxu\\\\\\\\\\\000|f|eng|c
=020  \\$a978-1-250-17151-1$qnidottu
=024  3\$a9781250171511
=035  \\$a(FI-MELINDA)017414417
=040  \\$aFI-Piki$bfin$erda
=041  0\$aeng
=084  \\$a84.5$2ykl
=100  1\$aBallard, J. G.,$ekirjoittaja.$1http://viaf.org/viaf/9842556$4http://rdaregistry.info/Elements/w/object/P10061
=240  10$aCrash$1http://viaf.org/viaf/305922109
=245  10$aCrash :$ba novel /$cJ. G. Ballard ; with a new introduction by Zadie Smith.
=250  \\$aSecond Picador paperback edition.
=264  \1$aNew York :$bPicador USA,$c2017.
=300  \\$axv, 205 sivua ;$c21 cm
=336  \\$ateksti$btxt$2rdacontent
=337  \\$akäytettävissä ilman laitetta$bn$2rdamedia
=338  \\$anide$bnc$2rdacarrier
=500  \\$aReprint. Originally published: New York : Picador, 2001.
=520  \\$aIn this hallucinatory novel, an automobile provides the hellish tableau in which Vaughan, a "TV scientist" turned "nightmare angel of the highways," experiments with erotic atrocities among auto crash victims, each more sinister than the last. James Ballard, his friend and fellow obsessive, tells the story of this twisted visionary as he careens rapidly toward his own demise in an internationally orchestrated car crash with Elizabeth Taylor.
=650  \7$aerotiikka$2kauno/fin$0http://www.yso.fi/onto/kauno/p2642
=650  \7$akuolema$2kauno/fin$0http://www.yso.fi/onto/kauno/p1954
=650  \7$akuolemanodotus$2kauno/fin$0http://www.yso.fi/onto/kauno/p3231
=650  \7$aliikenneonnettomuudet$2kauno/fin$0http://www.yso.fi/onto/kauno/p2884
=650  \7$anaiset$2kauno/fin$0http://www.yso.fi/onto/kauno/p3043
=650  \7$apakko-oireinen häiriö$2kauno/fin$0http://www.yso.fi/onto/kauno/p6137
=650  \7$arikokset$2kauno/fin$0http://www.yso.fi/onto/kauno/p233
=650  \7$aseksuaaliset poikkeavuudet$2kauno/fin$0http://www.yso.fi/onto/kauno/p3406
=650  \7$auhrit$2kauno/fin$0http://www.yso.fi/onto/kauno/p3940
=655  \7$aenglanninkielinen kirjallisuus$2local
=655  \7$akaunokirjallisuus$2slm/fin$0http://urn.fi/URN:NBN:fi:au:slm:s975
=655  \7$apsykologiset romaanit$2slm/fin$0http://urn.fi/URN:NBN:fi:au:slm:s604
=655  \7$apsykologiska romaner$2slm/swe$0http://urn.fi/URN:NBN:fi:au:slm:s604
=655  \7$aromaanit$2slm/fin$0http://urn.fi/URN:NBN:fi:au:slm:s518
=655  \7$aromaner$2slm/swe$0http://urn.fi/URN:NBN:fi:au:slm:s518
=655  \7$askönlitteratur$2slm/swe$0http://urn.fi/URN:NBN:fi:au:slm:s975

