=LDR  01850cgm a22004334i 4500
=001  017623725
=003  FI-MELINDA
=005  20220222052543.0
=007  vd\cv\|||
=008  921021r19872011fi\\\\\\\\\\\\\\\\v|eng\\
=024  3\$a5051895065655
=028  41$bWarner Bros.$a73737
=035  \\$a(FI-MELINDA)017623725
=041  1\$aeng$ager$aspa$jfin$jmul
=049  \\$cK12$d95296
=084  \\$a84.2$2ykl
=130  10$aEmpire of the sun$1http://viaf.org/viaf/293611582
=245  10$aAuringon valtakunta /$cdirected by Steven Spielberg ; screenplay by Tom Stoppard ; music by John Williams ; director of photography Allen Daviau ; based on the novel by J.G. Ballard.
=260  \\$a[Kustannuspaikka tuntematon]$bWarner Home Video$c[2011]
=300  \\$a1 DVD-videolevy (146 min) :$bvärillinen
=336  \\$akaksiulotteinen liikkuva kuva$btdi$2rdacontent
=337  \\$avideo$bv$2rdamedia
=338  \\$avideolevy$bvd$2rdacarrier
=336  \\$atodimensjonalt levende bilde$2rdacontent$0http://rdaregistry.info/termList/RDAContentType/1023
=337  \\$avideo$2rdamedia$0http://rdaregistry.info/termList/RDAMediaType/1008
=338  \\$avideoplate$2rdacarrier$0http://rdaregistry.info/termList/RDACarrierType/1060
=380  \\$afilmverk$0https://schema.nb.no/Bibliographic/Values/V1002
=500  \\$aPerustuu J. G. Balllardin teokseen.
=511  0\$aPääosissa: John Malkovich, Miranda Richardson, Nigel Havers.
=534  \\$pAlun perin julkaistu:$cWarner Bros. Entertainment, 1987.
=546  \\$aÄäniraita: englanti, saksa, espanja. Tekstitys: suomi, ruotsi, tanska, norja, englanti, saksa, espanja, portugali, heprea, puola, kreikka, turkki, tsekki, unkari, islanti, kroatia, ranska, italia.
=650  \7$aelokuvat$zYhdysvallat$y1980-luku$2kaunokki
=650  \7$aKiina$zShanghai$y1940-luku$2kaunokki
=650  \7$atoinen maailmansota$2kaunokki
=650  \7$avankileirit$2kaunokki
=700  1\$aBallard, J. G.
=700  1\$aDaviau, Allen,$ekuvaaja.
=700  1\$aHavers, Nigel,$enäyttelijä.
=700  1\$aMalkovich, John,$enäyttelijä.
=700  1\$aRichardson, Miranda,$enäyttelijä.
=700  1\$aSpielberg, Steven,$eohjaaja.
=700  1\$aStoppard, Tom,$ekäsikirjoittaja.
=700  1\$aWilliams, John,$esäveltäjä.

