=LDR  02043cam a22005534i 4500
=001  018055326
=003  FI-MELINDA
=005  20211008161633.0
=007  t\
=008  211007t20141962xxk\\\\\\\\\\\|||\|\eng\\
=020  \\$a978-0-00-722183-7$qnidottu
=035  \\$a(FI-MELINDA)018055326
=040  \\$aFI-He$bfin$erda
=041  0\$aeng
=084  \\$a84.5$2ykl
=100  1\$aBallard, J. G.,$ekirjoittaja.$1http://viaf.org/viaf/9842556$4http://rdaregistry.info/Elements/w/object/P10061
=245  14$aThe drowned world /$cJ. G. Ballard ; introduction by Martin Amis.
=264  \1$aLondon :$bFourth Estate,$c2014.
=264  \4$c©1962
=300  \\$a185 sivua ;$c20 cm
=336  \\$ateksti$btxt$2rdacontent
=337  \\$akäytettävissä ilman laitetta$bn$2rdamedia
=338  \\$anide$bnc$2rdacarrier
=546  \\$aenglanti.
=650  \7$abiologit$2kaunokki
=650  \7$aekokatastrofit$2kaunokki
=650  \7$ailmasto$2kaunokki
=650  \7$ailmastonmuutokset$2kaunokki
=650  \7$alämpeneminen$2kaunokki
=650  \7$atrooppinen vyöhyke$2kaunokki
=650  \7$atuhon jälkeinen maailma$2kaunokki
=650  \7$atulevaisuus$2kaunokki
=650  \7$atulvat$2kaunokki
=650  \7$atutkimusretkikunnat$2kaunokki
=650  \7$avedenpaisumus$2kaunokki
=650  \7$aviidakot$2kaunokki
=651  \7$aEnglanti$2kaunokki
=651  \7$aEurooppa$2kaunokki
=651  \7$aLontoo$2kaunokki
=655  \7$adystopiat$2slm/fin$0http://urn.fi/URN:NBN:fi:au:slm:s1011
=655  \7$adystopier$2slm/swe$0http://urn.fi/URN:NBN:fi:au:slm:s1011
=655  \7$aenglanninkielinen kirjallisuus$2local
=655  \7$akaunokirjallisuus$2slm/fin$0http://urn.fi/URN:NBN:fi:au:slm:s975
=655  \7$aromaanit$2slm/fin$0http://urn.fi/URN:NBN:fi:au:slm:s518
=655  \7$aromaner$2slm/swe$0http://urn.fi/URN:NBN:fi:au:slm:s518
=655  \7$ascience fiction-litteratur$2slm/swe$0http://urn.fi/URN:NBN:fi:au:slm:s418
=655  \7$askönlitteratur$2slm/swe$0http://urn.fi/URN:NBN:fi:au:slm:s975
=655  \7$atieteiskirjallisuus$2slm/fin$0http://urn.fi/URN:NBN:fi:au:slm:s418
=700  1\$aAmis, Martin,$ejohdannon kirjoittaja.

