=LDR  02809cgm a22005537a 4500
=001  14826036
=003  SE-LIBR
=005  20131220144609.0
=007  vd\|v||||\\\\\\\\\\\\\\
=008  131125s2010\\\\sw\086\|\\\\\||\\\v|eng|c
=024  3\$a5051895065655
=028  41$a73737
=040  \\$aGbg$dKld1$ea
=041  \\$aeng$ager$aspa$jdan$jfin$jnor$jswe$jeng$jger$jspa$jpor$jheb$jpol$jgre$jcze$jtur$jhun$jice$jhrv$jfre$jita
=082  04$a822$222 (machine generated)
=083  0\$a839.78$222 (machine generated)
=084  \\$aHcee.025$2kssb/8
=084  \\$aHcee.025/VC$2kssb/8
=084  \\$aHe.025$2kssb/8
=084  \\$aHe.025/VC$2kssb/8
=130  10$aEmpire of the sun$1http://viaf.org/viaf/293611582
=245  10$aEmpire of the sun$h[Videoupptagning] /$cscreenplay by Tom Stoppard ; directed by Steven Spielberg.
=246  1\$aSolens rike
=246  11$aSolens rike
=264  \1$aSolna :$bWarner Home Video.$c2010
=300  \\$a1 DVD-Video$bljud, färg
=336  \\$atodimensjonalt levende bilde$2rdacontent$0http://rdaregistry.info/termList/RDAContentType/1023
=337  \\$avideo$2rdamedia$0http://rdaregistry.info/termList/RDAMediaType/1008
=338  \\$avideoplate$2rdacarrier$0http://rdaregistry.info/termList/RDACarrierType/1060
=380  \\$afilmverk$0https://schema.nb.no/Bibliographic/Values/V1002
=500  \\$aBygger på romanen: Solens rike av J.G. Ballard
=500  \\$aOrginalfilmen: Warner Bros., cop. 1987
=511  1\$aSkådespelare:  Christian Bale, John Malkovich, Miranda Richardson ...
=546  \\$aTal på engelska, tyska, spanska, textad på danska, finska, norska, svenska, engelska, tyska, spanska, portugisiska, hebreiska, polska, grekiska, tjeckiska, turkiska, ungerska, isländska, kroatiska, franska, italienska och engelska, samt tyska för hörselskadade
=655  \7$aDrama (film)$0https://id.kb.se/term/saogf/Drama%20%28film%29$2saogf
=700  1\$aSpielberg, Steven,$d1946-$4drt$0https://libris.kb.se/ljx14d04114nr45#it
=700  1\$aStoppard, Tom$4oth

