=LDR  02221cim a22004577a 4500
=001  12624450
=003  SE-LIBR
=005  20170503184220.0
=007  sd\|||||||||||\\\\\\\\\
=008  120302s2004\\\\xxknn||e|||||||f\\|\eng|c
=024  7\$aC01405$2MTM medienummer
=035  \\$5Mtm$a(MTM)C01405
=035  \\$a(MTM)C01405
=040  \\$aMtm$ea
=041  \\$aeng
=042  \\$9Mtm
=046  \\$am$m20000101$n20000301
=082  04$a823$222 (machine generated)
=084  \\$aHe.01$2kssb/8
=084  \\$aHe.01/TC$2kssb/8
=100  1\$aBallard, James Graham$1http://viaf.org/viaf/9842556$4http://rdaregistry.info/Elements/w/object/P10061
=245  14$aThe crystal world$h[Ljudupptagning] /$cJ. G. Ballard.
=264  \1$aPeterborough :$bRoyal National Institute for the Blind,$c2004
=300  \\$a1 CD-R (6 tim., 30 min.)$bmono
=500  \\$aDigital talbok (DAISY 2.02), ljud
=500  \\$aInläst ur: Cape, 1966
=506  1\$aTillgänglig för personer med läsnedsättning enligt § 17 Upphovsrättslagen$uhttp://www.mtm.se/om-oss/uppdrag-och-lagar/upphovsrattslagen/
=520  \\$aSällsam och fascinerande SF-roman, där en afrikansk skog drabbas av en underlig tidscancer från yttre rymden, som förvandlar allt - träd, vatten, djur, människor, själva luften - till glänsande kristaller. Som kanske innebär en ny sorts odödlighet. Både huvudpersonerna och den yttre ramen har starka drag av Graham Greenes Utbränd
=599  \\$5Mtm$aPosten ändrad i Legimus 20210419
=599  \\$aMTM MarcRecordId: 185530
=655  \4$aDAISY
=700  1\$aGillett, Eric$4nrt
=776  08$iInläst ur$tThe crystal world
=856  40$5Mtm$uhttp://www.legimus.se/work/redirect?MedieNr=C01405$zLadda ner. Tillgänglig för personer med läsnedsättning enligt § 17 Upphovsrättslagen

