=LDR  00703cam a22002534a 4500
=001  11762251
=003  SE-LIBR
=005  20100209105536.0
=008  100209s1988\\\\xxk\\\\\\\\\\\\\0\\\eng\c
=035  \\$5Mo$a(Mo)b1281367
=040  \\$aMo
=041  30$aeng
=082  04$a823$222 (machine generated)
=084  \\$aHe.01$2kssb/8
=100  1\$aBallard, James Graham$1http://viaf.org/viaf/9842556$4http://rdaregistry.info/Elements/w/object/P10061
=245  14$aThe day of creation /$cJ. G. Ballard
=260  \\$bCharnwood
=440  \0$aCharnwood large type
=440  \0$aCharnwood library series
=500  \\$aOriginalupplaga 1987. Första upplaga i denna version 1988
=546  \\$5Mo$aengelska
=655  \4$aBok

