=LDR  02051cim a22004577a 4500
=001  12564504
=003  SE-LIBR
=005  20170503185158.0
=007  sd\|||||||||||\\\\\\\\\
=008  120227s2004\\\\xxknn||e|||||||f\\|\eng|c
=024  7\$aC01607$2MTM medienummer
=035  \\$5Mtm$a(MTM)C01607
=035  \\$a(MTM)C01607
=040  \\$aMtm$ea
=041  \\$aeng
=042  \\$9Mtm
=046  \\$am$m20000101$n20000301
=082  04$a823$222 (machine generated)
=084  \\$aHe.01$2kssb/8
=084  \\$aHe.01/TC$2kssb/8
=100  1\$aBallard, James Graham$1http://viaf.org/viaf/9842556$4http://rdaregistry.info/Elements/w/object/P10061
=245  14$aThe day of forever$h[Ljudupptagning] /$cJ. G. Ballard.
=264  \1$aPeterborough :$bRoyal National Institute for the Blind,$c2004
=300  \\$a1 CD-R (4 tim., 30 min.)$bmono
=500  \\$aDigital talbok (DAISY 2.02), ljud
=500  \\$aInläst ur: Panther, 1967. ISBN 0586023070
=506  1\$aTillgänglig för personer med läsnedsättning enligt § 17 Upphovsrättslagen$uhttp://www.mtm.se/om-oss/uppdrag-och-lagar/upphovsrattslagen/
=520  \\$aEn samling science fiction-noveller. I titelnovellen roterar jorden inte längre, tiden står stilla och människan måste resa till ljuset
=599  \\$5Mtm$aPosten ändrad i Legimus 20210419
=599  \\$aMTM MarcRecordId: 186549
=655  \4$aDAISY
=700  1\$aLivesey, John$4nrt
=776  08$iInläst ur$tThe day of forever$z0586023070
=856  40$5Mtm$uhttp://www.legimus.se/work/redirect?MedieNr=C01607$zLadda ner. Tillgänglig för personer med läsnedsättning enligt § 17 Upphovsrättslagen

