=LDR  00553cam a22002173a 4500
=001  11756154
=003  SE-LIBR
=005  20100209093911.0
=008  100209s1966\\\\xxk\\\\\\\\\\\\\0\\\eng\c
=035  \\$5Mo$a(Mo)b1179617
=040  \\$aMo
=041  30$aeng
=082  04$a823$222 (machine generated)
=084  \\$aHe.01$2kssb/8
=100  1\$aBallard, James Graham$1http://viaf.org/viaf/9842556$4http://rdaregistry.info/Elements/w/object/P10061
=245  14$aThe drowned world /$cJ.G. Ballard
=546  \\$5Mo$aengelska
=653  \\$aScience fiction
=655  \4$aBok

