=LDR  00613cam a22002294a 4500
=001  11760246
=003  SE-LIBR
=005  20100209103053.0
=008  100209s1984\\\\xxk\\\\\\\\\\\\\0\\\eng\c
=035  \\$5Mo$a(Mo)b1251095
=040  \\$aMo
=041  30$aeng
=082  04$a823$222 (machine generated)
=084  \\$aHe.01$2kssb/8
=100  1\$aBallard, James Graham$1http://viaf.org/viaf/9842556$4http://rdaregistry.info/Elements/w/object/P10061
=240  10$aEmpire of the sun$1http://viaf.org/viaf/180997771
=245  10$aEmpire of the sun /$cJ. G. Ballard
=500  \\$aFortsättes av: The kindness of women
=500  \\$aOriginalupplaga 1984
=546  \\$5Mo$aengelska
=655  \4$aBok

