=LDR  02195cim a22004577a 4500
=001  12593590
=003  SE-LIBR
=005  20170503185747.0
=007  sd\|||||||||||\\\\\\\\\
=008  120229s2004\\\\xxknn||e|||||||f\\|\eng|c
=024  7\$aC01507$2MTM medienummer
=035  \\$5Mtm$a(MTM)C01507
=035  \\$a(MTM)C01507
=040  \\$aMtm$ea
=041  \\$aeng
=042  \\$9Mtm
=046  \\$am$m20000101$n20000301
=082  04$a823$222 (machine generated)
=084  \\$aHe.01$2kssb/8
=084  \\$aHe.01/TC$2kssb/8
=100  1\$aBallard, James Graham$1http://viaf.org/viaf/9842556$4http://rdaregistry.info/Elements/w/object/P10061
=240  10$aHigh-rise$1http://viaf.org/viaf/308016990
=245  10$aHigh-rise$h[Ljudupptagning] /$cJ. G. Ballard.
=264  \1$aPeterborough :$bRoyal National Institute for the Blind,$c2004
=300  \\$a1 CD-R (7 tim.)$bmono
=500  \\$aDigital talbok (DAISY 2.02), ljud
=500  \\$aInläst ur: Cape, 1975. ISBN 0224011685
=506  1\$aTillgänglig för personer med läsnedsättning enligt § 17 Upphovsrättslagen$uhttp://www.mtm.se/om-oss/uppdrag-och-lagar/upphovsrattslagen/
=520  \\$aEtt klasskrig utbryter i ett lyxigt bostadshus. Plötsligt blir hissarna våldsamma slagfält och cocktailbjudningarna urartar till plundringsräder på fiendevåningar. Tillvaron förvandlas när de tidigare fridsamma invånarna, nu styrda av primitiva drifter, återskapar en värld där djungelns lag råder
=599  \\$5Mtm$aPosten ändrad i Legimus 20210419
=599  \\$aMTM MarcRecordId: 187108
=655  \4$aDAISY
=700  1\$aRuthven, Malcolm$4nrt
=776  08$iInläst ur$tHigh-rise$z0224011685
=856  40$5Mtm$uhttp://www.legimus.se/work/redirect?MedieNr=C01507$zLadda ner. Tillgänglig för personer med läsnedsättning enligt § 17 Upphovsrättslagen

