=LDR  00591cam a22002174a 4500
=001  11758772
=003  SE-LIBR
=005  20100209101221.0
=008  100209s1982\\\\xxk\\\\\\\\\\\\\0\\\eng\c
=035  \\$5Mo$a(Mo)b1229504
=040  \\$aMo
=041  30$aeng
=082  04$a823$222 (machine generated)
=084  \\$aHe.016$2kssb/8
=100  1\$aBallard, James Graham$1http://viaf.org/viaf/9842556$4http://rdaregistry.info/Elements/w/object/P10061
=245  10$aMyths of the near future /$cJ. G. Ballard
=500  \\$aFörsta upplaga med denna samlingstitel 1982
=546  \\$5Mo$aengelska
=655  \4$aBok

