=LDR  02197cim a22004577a 4500
=001  12564673
=003  SE-LIBR
=005  20170503185817.0
=007  sd\|||||||||||\\\\\\\\\
=008  120227s2004\\\\xxknn||e|||||||f\\|\eng|c
=024  7\$aC01540$2MTM medienummer
=035  \\$5Mtm$a(MTM)C01540
=035  \\$a(MTM)C01540
=040  \\$aMtm$ea
=041  \\$aeng
=042  \\$9Mtm
=046  \\$am$m20000101$n20000301
=082  04$a823$222 (machine generated)
=084  \\$aHe.016$2kssb/8
=084  \\$aHe.016/TC$2kssb/8
=100  1\$aBallard, James Graham$1http://viaf.org/viaf/9842556$4http://rdaregistry.info/Elements/w/object/P10061
=245  10$aMyths of the near future$h[Ljudupptagning] /$cJ. G. Ballard.
=264  \1$aPeterborough :$bRoyal National Institute for the Blind,$c2004
=300  \\$a1 CD-R (7 tim., 3 min.)$bmono
=500  \\$aDigital talbok (DAISY 2.02), ljud
=500  \\$aInläst ur: Cape, 1982. ISBN 0224029363
=506  1\$aTillgänglig för personer med läsnedsättning enligt § 17 Upphovsrättslagen$uhttp://www.mtm.se/om-oss/uppdrag-och-lagar/upphovsrattslagen/
=520  \\$aBoken innehåller tio science fiction-noveller. I titelberättelsen har det gått trettio år sedan USA:s rymdforskningsprogram avslutades. Floridas skogar och sumpmarker bebos fortfarande av människor som drömmer om att utforska rymden. Men nu är det fråga om ett annat slags rymdforskning
=599  \\$5Mtm$aPosten ändrad i Legimus 20210419
=599  \\$aMTM MarcRecordId: 187138
=655  \4$aDAISY
=700  1\$aOliver, Jonathan$4nrt
=776  08$iInläst ur$tMyths of the near future$z0224029363
=856  40$5Mtm$uhttp://www.legimus.se/work/redirect?MedieNr=C01540$zLadda ner. Tillgänglig för personer med läsnedsättning enligt § 17 Upphovsrättslagen

