=LDR  02160cim a22004697a 4500
=001  12604528
=003  SE-LIBR
=005  20170503185159.0
=007  sd\|||||||||||\\\\\\\\\
=008  120301s2004\\\\xxknn||e|||||||f\\|\eng|c
=024  7\$aC01608$2MTM medienummer
=035  \\$5Mtm$a(MTM)C01608
=035  \\$a(MTM)C01608
=040  \\$aMtm$ea
=041  \\$aeng
=042  \\$9Mtm
=046  \\$am$m20000101$n20000301
=082  04$a823$222 (machine generated)
=084  \\$aHe.016$2kssb/8
=084  \\$aHe.016/TC$2kssb/8
=100  1\$aBallard, James Graham$1http://viaf.org/viaf/9842556$4http://rdaregistry.info/Elements/w/object/P10061
=245  14$aThe terminal beach$h[Ljudupptagning] /$cJ. G. Ballard.
=264  \1$aPeterborough :$bRoyal National Institute for the Blind,$c2004
=300  \\$a1 CD-R (9 tim., 8 min.)$bmono
=500  \\$aBoken ingår i serien: Everyman fiction
=500  \\$aDigital talbok (DAISY 2.02), ljud
=500  \\$aInläst ur: Gollancz, 1984. ISBN 0460022652
=506  1\$aTillgänglig för personer med läsnedsättning enligt § 17 Upphovsrättslagen$uhttp://www.mtm.se/om-oss/uppdrag-och-lagar/upphovsrattslagen/
=520  \\$aEn samling science fiction-noveller. I titelnovellen åker en man bort till en ö som en gång användes för kärnvapenprov. Bland de sönderfallande husen får läsaren följa hans mentala och psykiska förfall
=599  \\$5Mtm$aPosten ändrad i Legimus 20210419
=599  \\$aMTM MarcRecordId: 186550
=655  \4$aDAISY
=700  1\$aAbney, William$4nrt
=776  08$iInläst ur$tThe terminal beach$z0460022652
=856  40$5Mtm$uhttp://www.legimus.se/work/redirect?MedieNr=C01608$zLadda ner. Tillgänglig för personer med läsnedsättning enligt § 17 Upphovsrättslagen

