=LDR  00632cam a22002414a 4500
=001  11763328
=003  SE-LIBR
=005  20100209110906.0
=008  100209s1990\\\\xxk\\\\\\\\\\\\\0\\\eng\c
=035  \\$5Mo$a(Mo)b1298028
=040  \\$aMo
=041  30$aeng
=082  04$a823$222 (machine generated)
=084  \\$aHe.016$2kssb/8
=100  1\$aBallard, James Graham$1http://viaf.org/viaf/9842556$4http://rdaregistry.info/Elements/w/object/P10061
=245  10$aWar fever /$cJ. G. Ballard
=260  \\$bCollins
=500  \\$aFörsta upplaga med denna samlingstitel 1990
=546  \\$5Mo$aengelska
=653  \\$aScience fiction
=655  \4$aBok

