=LDR  08255cam a2200685 i 4500
=001  bqrfjfpl8mpzdchg
=003  SE-LIBR
=005  20210820090756.0
=008  210820s2016\\\\nyu|||||||||||000\1|eng|\
=010  \\$a2015042397
=020  \\$a1101910097$q(pbk.)
=020  \\$a9781101910092$q(pbk.)
=020  \\$z9781101910108
=035  \\$a(OCoLC)ocn928107748
=040  \\$aUm$beng$cDLC$dPUL$dBTCTA$dBDX$dYDXCP$dOCLCF$dBKL$dOCO$dDAD$dJTH$dORX$dOJ4$dOQX$dSTF$dVP@$dTXDRI$dIGA$dIAK$dCHILD$dWLU$dOCLCQ$dGUA$dOCLCO$dGRR$dTXHLC$dSFR$dT7A$dTCJ$dMQS$dOCLCO$dOCL$dBUF$dOCLCO$dUm$ei$erda
=041  \\$aeng
=042  \\$apcc
=050  \0$aPN6071.S33
=082  00$a808.83/8762$223
=245  14$aThe big book of science fiction :$bthe ultimate collection /$cedited and with an introduction by Ann and Jeff VanderMeer.
=264  \1$aNew York :$bVintage Crime/Black Lizard, Vintage Books,$c2016
=300  \\$axxxi, 1178 pages$c24 cm
=336  \\$atext$btxt$2rdacontent
=337  \\$aunmediated$bn$2rdamedia
=338  \\$avolume$bnc$2rdacarrier
=490  1\$aVintage Crime/Black Lizard
=490  1\$aVintage Crime/Black Lizard original
=505  8\$tCrying in the rain /$rTanith Lee --$tThe frozen cardinal /$rMichael Moorcock --$tRachel in love /$rPat Murphy --$tSharing air /$rManjula Padmanabhan --$tSchwarzschild radius /$rConnie Willis --$tAll the hues of hell /$rGene Wolfe --$tVacuum states /$rGeoffrey A. Landis --$tTwo small birds /$rHan Song --$tBurning sky /$rRachel Pollack --$tBefore I wake /$rKim Stanley Robinson --$tDeath is static death is movement /$rMisha Nogha --$tThe brains of rats /$rMichael Blumlein --$tGorgonoids /$rLeena Krohn --$tVacancy for the post of Jesus Christ /$rKojo Laing --$tThe universe of things /$rGwyneth Jones --$tThe Remoras /$rRobert Reed --$tThe ghost standard /$rWilliam Tenn --$tRemnants of the Virago crypto-system /$rGeoffrey Maloney --$tHow Alex became a machine /$rStepan Chapman --$tThe poetry cloud /$rCixin Liu --$tStory of your life /$rTed Chiang --$tCraphound /$rCory Doctorow --$tThe Slynx /$rTatyana Tolstaya --$tBaby doll /$rJohanna Sinisalo.
=505  8\$tDarkness /$rAndré Carneiro --$t"Repent, Harlequin!" said the Ticktockman /$rHarlan Ellison --$tNine hundred grandmothers /$rR.A. Lafferty --$tDay million /$rFrederik Pohl --$tStudent body /$rF.L. Wallace --$tAye, and Gomorrah /$rSamuel R. Delany --$tThe hall of machines /$rLangdon Jones --$tSoft clocks /$rYoshio Aramaki --$tThree from Moderan /$rDavid R. Bunch --$tLet us save the universe /$rStanisław Lem --$tVaster than empires and more slow /$rUrsula K. Le Guin --$tGood news from the Vatican /$rRobert Silverberg --$tWhen it changed /$rJoanna Russ --$tAnd I awoke and found me here on the cold hill's side /$rJames Tiptree Jr. --$tWhere two paths cross /$rDmitri Bilenkin --$tStanding woman /$rYasutaka Tsutsui --$tThe IWM 1000 /$rAlicia Yánez Cossio --$tThe house of compassionate sharers /$rMichael Bishop --$tSporting with the Chid /$rBarrington J. Bayley --$tSandkings /$rGeorge R.R. Martin --$tWives /$rLisa Tuttle --$tThe snake who had read Chomsky /$rJosephine Saxton --$tReiko's universe box /$rKajio Shinji --$tSwarm /$rBruce Sterling --$tMondocane /$rJacques Barbéri --$tBlood music /$rGreg Bear --$tBloodchild /$rOctavia E. Butler --$tVariation on a man /$rPat Cadigan --$tPassing as a flower in the City of the Dead /$rS.N. Dyer --$tNew Rose Hotel /$rWilliam Gibson --$tPots /$rC.J. Cherryh --$tSnow /$rJohn Crowley --$tThe lake was full of artificial things /$rKaren Joy Fowler --$tThe unmistakable smell of wood violets /$rAngélica Gorodischer --$tThe owl of Bear Island /$rJon Bing --$tReaders of the lost art /$rÉlisabeth Vonarburg --$tA gift from the culture /$rIain M. Banks --$tParanamanco /$rJean-Claude Dunyach.
=505  8\$tThe star /$rH.G. Wells --$tSultana's dream /$rRokheya Shekhawat Hossain --$tThe triumph of mechanics /$rKarl Hans Strobl --$tThe new overworld /$rPaul Scheerbart --$tElements of Pataphysics /$rAlfred Jarry --$tMechanopolis /$rMiguel de Unamuno --$tThe doom of Principal City /$rYefim Zozulya --$tThe comet /$rW.E.B. Du Bois --$tThe fate of the Poseidonia /$rClare Winger Harris --$tThe star stealers /$rEdmond Hamilton --$tThe conquest of Gola /$rLeslie F. Stone --$tA Martian odyssey /$rStanley G. Weinbaum --$tThe last poet and the robots /$rA. Merritt --$tThe microscopic giants /$rPaul Ernst --$tTlön, Uqbar, Orbis Tertius /$rJorge Luis Borges --$tDesertion /$rClifford D. Simak --$tSeptember 2005 : the Martian /$rRay Bradbury --$tBaby HP /$rJuan José Arreola --$tSurface tension /$rJames Blish --$tBeyond lies the Wub /$rPhilip K. Dick --$tThe snowball effect /$rKatherine MacLean --$tPrott /$rMargaret St. Clair --$tThe liberation of Earth /$rWilliam Tenn --$tLet me live in a house /$rChad Oliver --$tThe star /$rArthur C. Clarke --$tGrandpa /$rJames H. Schmitz --$tThe game of rat and dragon /$rCordwainer Smith --$tThe last question /$rIsaac Asimov --$tStranger station /$rDamon Knight --$tSector general /$rJames White --$tThe visitors /$rArkady and Boris Strugatsky --$tPelt /$rCarol Emshwiller --$tThe monster /$rGérard Klein --$tThe man who lost the sea /$rTheodore Sturgeon --$tThe waves /$rSilvina Ocampo --$tPlenitude /$rWill Worthington --$tThe voices of time /$rJ.G. Ballard --$tThe astronaut /$rValentina Zhuravlyova --$tThe squid chooses its own ink /$rAdolfo Bioy Casares --$t2BRO2B /$rKurt Vonnegut Jr. --$tA modest genius /$rVadim Shefner --$tDay of Wrath /$rSever Gansovsky --$tThe hands /$rJohn Baxter.
=520  \\$a"What if life was neverending? What if you could change your body to adapt to an alien ecology? What if the pope were a robot? Spanning galaxies and millennia, this must-have anthology showcases classic contributions from H.G. Wells, Arthur C. Clarke, Octavia E. Butler, and Kurt Vonnegut, alongside a century of the eccentrics, rebels, and visionaries who have inspired generations of readers. Within its pages, you'll find beloved worlds of space opera, hard SF, cyberpunk, the New Wave, and more. Learn about the secret history of science fiction, from titans of literature who also wrote SF to less well-known authors from more than twenty-five countries, some never before translated into English. In The Big Book of Science Fiction, literary power couple Ann and Jeff VanderMeer transport readers from Mars to Mechanopolis, planet Earth to parts unknown. Immerse yourself in the genre that predicted electric cars, space tourism, and smartphones. Sit back, buckle up, and dial in the coordinates, as this stellar anthology has got worlds within worlds"--Back cover.
=599  \\$aImported from: zcat.oclc.org:210/OLUCWorldCat (Do not remove)
=648  \7$a1900-2099$2fast
=650  \0$aScience fiction
=650  \0$aScience fiction$y20th century.
=650  \0$aScience fiction$y21st century.
=650  \7$aScience fiction$0https://id.kb.se/term/sao/Science%20fiction$2sao
=655  \4$aScience fiction$y20th century.
=655  \4$aScience fiction$y21st century.
=655  \7$aNoveller$0https://id.kb.se/term/saogf/Noveller$2saogf
=655  \7$aShort stories.$2fast
=700  1\$aVanderMeer, Ann$4edt
=700  1\$aVanderMeer, Jeff$4edt
=830  \0$aVintage crime/Black Lizard
=830  \0$aVintage crime/Black Lizard original

