=LDR  01938cam a22003613a 4500
=001  18640785
=003  SE-LIBR
=005  20151111142804.0
=008  151111s1981\\\\enk\\\\\\\\\\\000\1\eng\d
=015  \\$aB8120182
=016  7\$a009-14577$2uk
=016  7\$aGB8-12018$2uk
=020  \\$a009145770X
=020  \\$a9780091457709
=035  \\$a(OCoLC)ocm08021127
=040  \\$aNOC$beng$cNOC$dOCL$dLAS$dUKV3G$dUW1$dCUY$dAU@$dGBVCP$dOCLCQ$dOCLCF$dOCLCQ$dOCLCO$dJm
=050  \4$aPS648.S3$bG65
=082  04$a823/.0876/08$219
=082  04$a823/.9/1$218
=245  04$aThe golden age of science fiction /$cselected and introduced by Kingsley Amis.
=260  \\$aLondon :$bHutchinson,$c1981.
=300  \\$a370 pages ;$c22 cm
=505  00$tQuest for St Aquin /$rAnthony Boucher --$tXi effect /$rPhilip Latham --$tTunnel under the world /$rFrederik Pohl --$tOld hundredth /$rBrian W. Aldiss --$tWork of art /$rJames Blish --$tHarrison Bergeron /$rKurt Vonnegut Jr. --$tVoices of time /$rJ.G. Ballard --$tSpecialist /$rRobert Sheckley --$tHe walked around the horses /$rH. Beam Piper --$tGame of rat and dragon /$rCordwainer Smith --$tNine billion names of God /$rArthur C. Clarke --$tStreets of Askelon /$rHarry Harrison --$tCountry of the kind /$rDamon Knight --$tMachine that won the war /$rIsaac Asimov --$tStudent body /$rF.L. Wallace --$tIt's a good life /$rJerome Bixby --$tSister planet /$rPoul Anderson.
=599  \\$aImported from: zcat.oclc.org:210/OLUCWorldCat (Do not remove)
=650  \0$aScience fiction, American.
=650  \0$aScience fiction, English.
=650  \7$aScience fiction, American.$2fast
=650  \7$aScience fiction, English.$2fast
=653  \0$aScience fiction, English
=700  1\$aAmis, Kingsley.
=776  08$iOnline version:$tGolden age of science fiction.$dLondon : Hutchinson, 1981$w(OCoLC)558543024

