=LDR  03506cam a22004217a 4500
=001  10672413
=003  SE-LIBR
=005  20201019100819.0
=008  080206s2007\\\\xxk|||||||||||000\j|eng|c
=020  \\$a0141188928$qpbk.
=020  \\$a9780141188928$qpbk.
=035  \\$a(Uk)013795010
=040  \\$aStDuBDS$beng$cStDuBDS$dQ$dGBG$ea
=041  \\$aeng
=082  04$a823.08762080914$222
=084  \\$aHe.016$2kssb/8
=245  12$aA science fiction omnibus /$cedited by Brian Aldiss.
=264  \1$aLondon :$bPenguin,$c2007
=300  \\$a578 s.$c20 cm.
=336  \\$atext$btxt$2rdacontent
=337  \\$aunmediated$bn$2rdamedia
=338  \\$avolume$bnc$2rdacarrier
=505  8\$tLot /$rWard Moore --$tSkirmish /$rClifford Simak --$tAnd I awoke and found me here on the cold hill's side /$rJames Tiptree, Jr. --$tPoor little warrior! /$rBrian Aldiss --$tGrandpa /$rJames H. Schmitz --$tNightfall /$rIsaac Asimov --$tThe snowball effect /$rKatherine MacLean --$tSwarm /$rBruce Sterling --$tBlood music /$rGreg Bear --$tAnswer /$rFredric Brown --$tThe liberation of Earth /$rWilliam Tenn --$tAn alien agony /$rHarry Harrison --$tTrack 12 /$rJ. G. Ballard --$tSexual dimorphism /$rKim Stanley Robinson --$tThe tunnel under the world /$rFrederik Pohl --$tFriends in need /$rEliza Blair --$tThe story of the worlds /$rRobert Sheckley --$tJokester /$rIsaac Asimov --$tThe short-short story of mankind /$rJohn Steinbeck --$tNight watch /$rJames Inglis --$tStory of your life /$rTed Chiang --$tProtected species /$rH. B. Fyfe --$tThe rescuer /$rArthur Porges --$tI made you /$rWalter M. Miller, Jr. --$tThe country of the kind /$rDamon Knight --$tThe cage /$rBertram Chandler --$tFulfilment /$rA. E. van Vogt --$tCommon time /$rJames Blish --$tAlien embassy /$rGarry Kilworth --$tGreat work of time /$rJohn Crowley.
=520  \\$aThis edition brings together a diverse selection of science fiction spanning over sixty years, from Isaac Asimov's "Nightfall", first published in 1941, to the 2006 story "Friends in Need" by Eliza Blair. Including authors such as Clifford Simak, Harry Harrison, Bruce Sterling, A. E. Van Vogt and Brian Aldiss himself, these stories portray struggles against machines, epic journeys, genetic experiments, time travellers and alien races. From stories set on Earth, to uncanny far distant worlds and ancient burnt-out suns, the one constant is humanity itself, compelled by an often fatal curiosity to explore the boundless frontiers of time, space and probability.
=650  \0$aScience fiction, American
=650  \0$aScience fiction, English
=655  \7$aScience fiction$0https://id.kb.se/term/saogf/Science%20fiction$2saogf
=700  1\$aAldiss, Brian W.,$d1925-2017$4edt$0https://libris.kb.se/sq47b23b4m1qhtb#it

