=LDR  06914cam a2200913 i 4500
=001  w6pswhrwt459j7j9
=003  SE-LIBR
=005  20200212084316.0
=008  191030s2010\\\\ctu||||||b||||000\j|eng|c
=010  \\$a2009053144
=015  \\$aGBB179884$2bnb
=016  7\$a015652170$2Uk
=020  \\$a0819569542$q(cloth ;$qalk. paper)
=020  \\$a0819569550$q(pbk. ;$qalk. paper)
=020  \\$a9780819569547$q(cloth ;$qalk. paper)
=020  \\$a9780819569554$q(pbk. ;$qalk. paper)
=035  \\$a(OCoLC)ocn495547094
=040  \\$aH$beng$cDLC$dYDX$dYDXCP$dCDX$dNYP$dUUC$dLTP$dJAO$dBWX$dOEL$dFER$dUKMGB$dMIX$dBDX$dLMR$dOCLCF$dP4I$dCHVBK$dOCLCQ$dMNA$dOCLCO$dOCL$dNTX$dXFH$dSFR$dOCLCQ$dL2U$dMIH$dOCLCQ$dOCLCO$dDEHBZ$dOCLCQ$dSNN$dOCLCQ$dWLU$dOCLCO$dLMJ$dOCLCO$dGZW$dOCLCO$dNZAUC$dOCLCO$dCOC$dH$ei$erda
=041  \\$aeng
=050  \0$aPS648.S3
=082  04$a813.0876208$223/swe
=084  \\$aHe.016(s)$2kssb/8
=245  14$aThe Wesleyan anthology of science fiction /$cedited by Arthur B. Evans [och fem andra].
=246  10$aAnthology of science fiction
=264  \1$aMiddletown, Conn.$bWesleyan University Press,$c[2010]
=264  \4$c©2010
=300  \\$axviii, 767 pages$c25 cm
=336  \\$atext$btxt$2rdacontent
=337  \\$aunmediated$bn$2rdamedia
=338  \\$avolume$bnc$2rdacarrier
=504  \\$aIncludes bibliographical references.
=505  8\$tRappaccini's daughter /$rNathaniel Hawthorne --$tJourney to the center of the earth /$rJules Verne --$tStar /$rH.G. Wells --$tMachine stops /$rE.M. Forster --$tMan who evolved /$rEdmond Hamilton --$tConquest of Gola /$rLeslie F. Stone --$tShambleau /$rC.L. Moore --$tMartian odyssey /$rStanley Weinbaum --$tReason /$rIssac Asimov --$tDesertion /$rClifford D. Simak --$tThunder and roses /$rTheodore Sturgeon --$tThat only a mother /$rJudith Merril --$tComing attraction /$rFritz Leiber --$tThere will come soft rains /$rRay Bradbury --$tSentinel /$rArthur C. Clarke --$tSpecialist /$rRobert Sheckley --$tLiberation of earth /$rWilliam Tenn --$tFondly fahrenheit /$rAlfred Bester --$tGolem /$rAvram Davidson --$tGame of rat and dragon /$rCordwainer Smith --$tAll you zombies /$rRobert A. Heinlein --$tCage of sand /$rJ.G. Ballard --$tSlow tuesday night /$rR.A. Lafferty --$tRepent, Harlequin! Said the ticktockman /$rHarlan Ellison --$tDay million /$rFrederik Pohl --$tWe can remember it for you wholesale /$rPhilip K. Dick --$tAye, and Gomorrah ... /$rSamuel R. Delany --$tHeat death of the universe /$rPamela Zoline --$tPassengers /$rRobert Silverberg --$tSuper-toys last all summer long /$rBrian Aldiss --$tNine lives /$rUrsula K. Le Guin --$tSeed stock /$rFrank Herbert --$tSeventh voyage from the star diaries /$rStanislaw Lem --$tWhen it changed /$rJoanna Russ --$tI awoke and found me here on the cold hill's side /$rJames Tiptree Jr. --$tAir raid /$rJohn Varley --$tAbominable /$rCaol Emshwiller --$tBurning chrome /$rWilliam Gibson --$tSpeech sounds /$rOctavia E. Bulter --$tOut of all them bright stars /$rNancy Kress --$tPretty boy crossover /$rPat Cadigan --$tForever yours, Anna /$rKate Wilhelm --$tWe see things differently /$rBruce Sterling --$tChippoke Na Gomi /$rMisha Nogha --$tComputer friendly /$rEileen Gunn --$tInvaders /$rJohn Kessel --$tUseful phrases /$rGene Wolfe --$tCloser ;$tThink like a dinosaur /$rJames Patrick Kelly --$tEverywhere /$rGeoff Ryman --$tRogue farm /$rCharles Stross --$tExhalation /$rTed Chiang.
=520  \\$a"Features over a 150 years' worth of the best science fiction ever collected in a single volume. The fifty-two stories and critical introductions are organized chronologically as well as thematically for classroom use. Filled with luminous ideas, otherworldly adventures, and startling futuristic speculations, these stories will appeal to all readers as they chart the emergence and evolution of science fiction as a modern literary genre. They also provide a fascinating look at how our Western technoculture has imaginatively expressed its hopes and fears from the Industrial Revolution of the nineteenth century to the digital age of today"--Publisher website.
=599  \\$aImported from: zcat.oclc.org:210/OLUCWorldCat (Do not remove)
=650  \0$aScience fiction, American
=650  \0$aScience fiction, American.
=650  \0$aScience fiction, English
=650  \0$aScience fiction, English.
=650  \7$aAmerikansk science fiction$0https://id.kb.se/term/sao/Amerikansk%20science%20fiction$2sao
=650  \7$aEngelsk science fiction$0https://id.kb.se/term/sao/Engelsk%20science%20fiction$2sao
=655  \4$aScience fiction genre.
=655  \7$aNoveller$0https://id.kb.se/term/saogf/Noveller$2saogf
=655  \7$aSamlingsverk$0https://id.kb.se/term/saogf/Samlingsverk$2saogf
=655  \7$aScience fiction$0https://id.kb.se/term/saogf/Science%20fiction$2saogf
=655  \7$aScience ficton.$2gsafd
=655  \7$aShort stories.$2gsafd
=655  \7$aShort stories.$2lcgft
=700  1\$aEvans, Arthur B.$4edt
=710  2\$aWesleyan University (Middletown, Conn.).$bPress.
=866  \\$5Btj$aORG=0111; BM=B$x056

