=LDR  03840cam a22006377a 4500
=001  12095941
=003  SE-LIBR
=005  20160413203452.0
=008  110216s2010\\\\xxk||||||6||||000\j|eng|\
=015  \\$aGBB073641$2bnb
=016  7\$a015578907$2Uk
=020  \\$a1902197291$q(pbk.)
=020  \\$a9781902197296$q(pbk.)
=035  \\$a(OCoLC)642290233$z(OCoLC)449892009
=035  \\$a(OCoLC)ocn642290233
=040  \\$aUKM$beng$cUKM$dYDXCP$dBTCTA$dBDX$dJBO$dOCLCF$dTEF$dOCL$dOCLCQ$dGbg$ea
=041  \\$aeng
=050  \4$aPS648.F3$bS73 2010
=082  04$a813.0876608054$223
=084  \\$aHe.016$2kssb/8
=084  \\$aHe.05$2kssb/8
=245  04$aThe starry wisdom :$b[a tribute to H.P. Lovecraft] /$cD.M. Mitchell (editor) ; Alan Moore, & others.
=250  \\$a[New ed.].
=264  \1$a[Telford] :$bCreation Oneiros,$c2010
=300  \\$a214 pages$billustrations$c26 cm
=336  \\$atext$btxt$2rdacontent
=337  \\$aunmediated$bn$2rdamedia
=338  \\$avolume$bnc$2rdacarrier
=340  \\$b26 cm
=500  \\$aPrevious edition: London: Creation Books, 1994.
=505  8\$rby Ramset Campbell --$gIntroduction /$gForeword /$tRecognition /$rby Alan Moore --$tLovecraft in heaven /$rby Grant Morrison --$tExtracted from the mouth of the consumer, rotting pig /$rby Michael Gira --$tWind die you die we die /$rby William S. Burroughs --$tThe night sea-maid went down /$rby Brian Lumley --$tA thousand young /$rby Robert M. Price --$tHypothetical materfamilias /$rby Adele Olivia Gladwell --$tTeenage timberwolves: black dead bones of idiot Bill /$rby James Havoc & Daniele Serra --$tPrisioner of the coral deep /$rby J.G. Ballard --$tBlack static /$rby David Conway --$tPotential /$rby Ramsey Campbell --$tWalpurgisnachtmusik /$rby Simon Whitechapel --$tThis exquisite corpse /$rby C.G. Brandrick & D.M. Mitchell --$tThe call of Cthulhu /$rby John Coulthart & H.P. Lovecraft --$tThe courtyard /$rby Alan Moore --$tFrom this swamp /$rby Henry Wessells --$tRed mass /$rby Dan Kellett --$tMeltdown /$rby D.F. Lewis --$tThe sound of a door opening /$rby Don Webb --$tBeyond reflection /$rby John Beal --$tThe dreamers in darkness /$rby Peter Smith --$tSex-invocation of the great old ones (23 nails) /$rby Stephen Sennitt --$tZaman's hill /$rby Alan Moore --$tWard 23 /$rby D.M. Mitchell --$tCthulhu madness /$rby Phil Hine --$tReluctant prophet /$rby Stephen Sennitt --$tFractals, stars and nyarlathotep /$rby John Beal.
=650  \0$aFantasy fiction, American.
=650  \0$aFantasy fiction, English.
=650  \0$aShort stories, American.
=650  \0$aShort stories, English.
=655  \7$aNoveller$0https://id.kb.se/term/saogf/Noveller$2saogf
=655  \7$aTecknade serier$0https://id.kb.se/term/saogf/Tecknade%20serier$2saogf
=700  1\$aLovecraft, H. P.$q(Howard Phillips),$d1890-1937.
=700  1\$aMitchell, D. M.

