=LDR  03069cam a22004573a 4500
=001  12517647
=003  SE-LIBR
=005  20150217223719.0
=007  cr\|||\\\|||||\\\\\\\\\
=008  120131s2010\\\\xxk|||||o|||||000\0|eng|d
=020  \\$a0230106218$c£61.69
=020  \\$a9780230106215$c£61.69
=020  \\$z9780230621510 (Print)
=040  \\$aUK-WkNB$beng$cUK-WkNB$ea
=041  \\$aeng
=072  \7$aDSBH$2bicssc
=072  \7$aDSK$2bicssc
=072  \7$aLIT$2eflch
=082  04$a823.087609$222
=100  1\$aYoungquist, Paul.$4aut
=245  10$aCyberfiction$h[Elektronisk resurs]$bAfter the future /$cPaul Youngquist.
=264  \1$aBasingstoke :$bPalgrave Macmillan,$c2010
=300  \\$a272 p.
=365  \\$a02$b61.69$cGBP$d00$hS 51.41 20.0 61.69 10.28$jGB$kxxk$mPalgrave Macmillan$2onix-pt
=366  \\$b20100330$cIP 20100707$jGB$kxxk$mPalgrave Macmillan$2UK-WkNB
=500  \\$aElectronic book text.
=500  \\$aOriginally published in: 2010.
=505  8\$aA Preface to Apocalypse * PART I: Yesterday's Tomorrow * Fictions of Science * Speculative Futures * Cyberfiction * PART II: Other Space * Crash Body * Score, Scan, Schiz * Queer Science * Space Machine * PART III: Afterlife * Interstellar Low Ways * We Can Breed You * Stealth.
=516  \\$aDocument
=520  \\$bThis book traces the rise of cyberfiction in the work of J. G. Ballard, Philip K. Dick, Samuel Delany, Octavia Butler, and William Gibson, among others.
=520  1\$a"Whereas science fiction asks 'What if?' questions about technology and the human future, Youngquist asks 'What if?' questions about the genre itself. What if the essential discourse of science fiction is less apparent than commonly supposed? What if, beyond their overt extrapolations, our most valuable SF authors have been concomitantly conducting Gedanken experiments designed to illuminate capitalism's discontents, the semiotics of eroticism, the limits of consensus reality, the mutability of the body, and the intricate web of power relationships that constitute postindustrial society? Youngquist's insightful and philosophically grounded answers will beguile students of Mary Shelley, Alfred Bester, J. G. Ballard, Philip K. Dick, Samuel R. Delany, William Gibson, Octavia Butler, and a dozen other supreme practitioners of speculative literature." - James Morrow, author of The Last Witchfinder and Shambling Towards Hiroshima.
=538  \\$aAdobe Ebook Reader.
=545  0\$aPaul Youngquist is Professor of English at Penn State.
=650  \0$aCybernetics in literature.
=650  \0$aScience fiction, American$xHistory and criticism.
=650  \0$aScience fiction, English$xHistory and criticism.
=650  \7$aLiterary studies: fiction, novelists & prose writers$xEnglish.$2bicssc
=650  \7$aLiterary studies: from c 1900 -$xEnglish.$2bicssc
=650  \7$aLiterature.$2eflch
=856  42$uhttp://dx.doi.org/10.1057/9780230106215$x856other$zTable of Contents / Abstracts

