=LDR  03404cam a22004577a 4500
=001  18133018
=003  SE-LIBR
=005  20181030230000.0
=008  150713s2012\\\\xxu||||e|bq|||000\j|eng|\
=020  \\$a1597804541
=020  \\$a9781597804547
=035  \\$a(OCoLC)ocn823473189
=040  \\$aAU@$beng$cAU@$dOCLCO$dKLG$dOCLCO$dOCLCF$dCNEDM$dTEF$dLeru$ea
=041  \\$aeng
=050  14$aPR1309.S3$bB728 2012
=082  04$a808.3/8738$223
=084  \\$aHe(s)$2kssb/8
=245  00$aBrave new worlds :$bdystopian stories /$cedited by John Joseph Adams.
=250  \\$a2nd ed.
=264  \1$aSan Francisco, Calif.$bNight Shade Books,$c2012
=300  \\$a525 p.$c23 cm.
=340  \\$b23 cm.
=505  8\$aContents note continued: The minority report / Philip K. Dick -- Just do it / Heather Lindsley -- Harrison Bergeron / Kurt Vonnegut, Jr. -- Caught in the organ draft / Robert Silverberg -- Geriatric ward / Orson Scott Card -- Arties aren't stupid / Jeremiah Tolbert -- Jordan's waterhammer / Joe Mastroianni -- Of a sweet slow dance in the wake of temporary dogs / Adam-Troy Castro -- Resistance / Tobias S. Buckell -- Civilization / Vylar Kaftan -- Editor's note on second edition material -- The cull / Robert Reed -- Personal Jesus / Jennifer Pelland -- The perfect match / Ken Liu -- Study Guide and filmography / Gary K. Wolfe.
=505  8\$aThe lottery / Shirley Jackson -- Red card / S.L. Gilbow -- Ten with a flag / Joseph Paul Haines -- The ones who walk away from Omelas / Ursula K. Le Guin -- Evidence of love in a case of abandonment / M. Rickert -- The funeral / Kate Wilhelm -- O happy day! / Geoff Ryman -- Pervert / Charles Coleman Finlay -- From homogenous to honey / Bryan Talbot -- Billennium / J.G. Ballard -- Amaryllis / Carrie Vaughn -- Pop squad / Paolo Bacigalupi -- Auspicious eggs / James Morrow -- Peter Skilling / Alex Irvine -- The pedestrian / Ray Bradbury -- The things that make me weak and strange get engineered away / Cory Doctorow -- The pearl diver / Caitlin R. Kiernan -- Dead space for the unexpected / Geoff Ryman -- "Repent, Harlequin!" said the Ticktockman / Harlan Ellison -- Is this your day to join the revolution? / Genevieve Valentine -- Independence Day / Sarah Langan -- The lunatics / Kim Stanley Robinson -- Sacrament / Matt Williamson --.
=520  \\$aCollects short stories on civilization invading and dictating citizens lives, from authors including Kate Wilhelm, Philip K. Dick, J.G. Ballard, and Sarah Langan.
=599  \\$aImported from: zcat.oclc.org:210/OLUCWorldCat (Do not remove)
=650  \0$aDystopias$vFiction.
=650  \7$aDystopias.$2fast
=655  \7$aDystopias.$2gsafd
=655  \7$aFiction.$2fast
=655  \7$aScience fiction.$2gsafd
=655  \7$aShort stories.$2gsafd
=700  1\$aAdams, John Joseph,$d1976-$4edt

