=LDR  02489cim a22005057a 4500
=001  12618129
=003  SE-LIBR
=005  20170512104508.0
=007  sd\|||||||||||\\\\\\\\\
=008  120302s2005\\\\sw\nn||e|||||||f\\|\swe|c
=024  7\$aC35673$2MTM medienummer
=035  \\$5Mtm$a(MTM)C35673
=035  \\$a(MTM)C35673
=040  \\$aMtm$ea
=041  1\$aswe$heng
=042  \\$9Mtm
=046  \\$am$m20000101$n20000301
=082  04$a823$222 (machine generated)
=084  \\$aHcee.01$2kssb/8
=084  \\$aHcee.01/TC$2kssb/8
=100  1\$aBallard, James Graham$1http://viaf.org/viaf/9842556$4http://rdaregistry.info/Elements/w/object/P10061
=240  10$aThe crystal world$lSvenska
=245  10$aKristallvärlden$h[Ljudupptagning] /$cJ. G. Ballard ; [översättning: Peter Stewart].
=264  \1$aEnskede :$bTPB,$c2005
=300  \\$a1 CD-R (7 tim., 10 min.)$bmono
=500  \\$aDigital talbok (DAISY 2.0)
=500  \\$aInläst ur: Stockholm : W&W, 1971
=500  \\$aÖverföring av analog inläsning från: Enskede : TPB, 1993
=506  1\$aTillgänglig för personer med läsnedsättning enligt § 17 Upphovsrättslagen$uhttp://www.mtm.se/om-oss/uppdrag-och-lagar/upphovsrattslagen/
=520  \\$aSällsam och fascinerande SF-roman, där en afrikansk skog drabbas av en underlig tidscancer från yttre rymden, som förvandlar allt - träd, vatten, djur, människor, själva luften - till glänsande kristaller. Som kanske innebär en ny sorts odödlighet. Både huvudpersonerna och den yttre ramen har starka drag av Graham Greenes Utbränd
=599  \\$5Mtm$aPosten ändrad i Legimus 20210419
=599  \\$aMTM MarcRecordId: 113173
=653  \\$aScience fiction
=655  \4$aDAISY
=700  1\$aFrancke, Annika$4nrt
=700  1\$aStewart, Peter$4trl
=776  08$iInläst ur$tKristallvärlden
=856  40$5Mtm$uhttp://www.legimus.se/work/redirect?MedieNr=C35673$zLadda ner. Tillgänglig för personer med läsnedsättning enligt § 17 Upphovsrättslagen

