=LDR  02648cim a22004817a 4500
=001  12568371
=003  SE-LIBR
=005  20170515102158.0
=007  sd\|||||||||||\\\\\\\\\
=008  120228s2008\\\\sw\nn||e|||||||f\\|\swe|c
=024  7\$aC84028$2MTM medienummer
=035  \\$5Mtm$a(MTM)C84028
=035  \\$a(MTM)C84028
=040  \\$aMtm$ea
=041  1\$aswe$heng
=042  \\$9Mtm
=046  \\$am$m20000101$n20000301
=082  04$a823$222 (machine generated)
=084  \\$aHcee.01$2kssb/8
=084  \\$aHcee.01/TC$2kssb/8
=100  1\$aBallard, James Graham$1http://viaf.org/viaf/9842556$4http://rdaregistry.info/Elements/w/object/P10061
=240  10$aThe atrocity exhibition$lSvenska
=245  10$aSkändlighetsutställningen$h[Ljudupptagning] /$cJ. G. Ballard ; översättning: K. G. Johansson.
=264  \1$aEnskede :$bTPB,$c2008
=300  \\$a1 CD-R (6 tim., 34 min.)$bmono
=500  \\$aBoken ingår i serien: Överträdelsens klassiker ; 15
=500  \\$aDigital talbok (DAISY 2.02), ljud
=500  \\$aInläst ur: Stockholm : Vertigo, 2007. ISBN 978-91-85000-51-7, 91-85000-51-5 (genererat)
=506  1\$aTillgänglig för personer med läsnedsättning enligt § 17 Upphovsrättslagen$uhttp://www.mtm.se/om-oss/uppdrag-och-lagar/upphovsrattslagen/
=520  \\$aMordet på John F. Kennedy, Marilyn Monroes död, USA:s bombningar i Vietnam, månlandningen: Allt är stora händelser från 1960-talet som författaren använder som fixeringspunkter i ett flöde av bilder kring människans behov av kändisdyrkan. Det är ett förstadium av medieåldern där ytan får en stark förankring på det privata planet. Allt blir till ett textlandskap där våld och sexualitet bildar en mörk förening. Kultklassiker. Förlaga: Vertigo, 2007
=599  \\$5Mtm$aPosten ändrad i Legimus 20210419
=599  \\$aMTM MarcRecordId: 148642
=655  \4$aDAISY
=700  1\$aGodenius, Per$4nrt
=776  08$iInläst ur$tSkändlighetsutställningen$z9789185000517
=856  40$5Mtm$uhttp://www.legimus.se/work/redirect?MedieNr=C84028$zLadda ner. Tillgänglig för personer med läsnedsättning enligt § 17 Upphovsrättslagen

