=LDR  02737cim a22005417a 4500
=001  12605569
=003  SE-LIBR
=005  20170512104608.0
=007  sd\|||||||||||\\\\\\\\\
=008  120301s2005\\\\sw\nn||e|||||||f\\|\swe|c
=024  7\$aC35780$2MTM medienummer
=035  \\$5Mtm$a(MTM)C35780
=035  \\$a(MTM)C35780
=040  \\$aMtm$ea
=041  1\$aswe$heng
=042  \\$9Mtm
=046  \\$am$m20000101$n20000301
=082  04$a823$222 (machine generated)
=084  \\$aHcee.01$2kssb/8
=084  \\$aHcee.01/TC$2kssb/8
=100  1\$aBallard, James Graham$1http://viaf.org/viaf/9842556$4http://rdaregistry.info/Elements/w/object/P10061
=240  10$aThe kindness of women$lSvenska
=245  10$aKvinnors godhet$h[Ljudupptagning] /$cJ. G. Ballard ; översättning: Hans-Jacob Nilsson.
=264  \1$aEnskede :$bTPB,$c2005
=300  \\$a1 CD-R (11 tim., 2 min.)$bmono
=500  \\$aAngående författarens härmed sammanhängande verk se: Solens rike
=500  \\$aDigital talbok (DAISY 2.0)
=500  \\$aInläst ur: Stockholm : W&W, 1992
=500  \\$aÖverföring av analog inläsning från: Enskede : TPB, 1993
=506  1\$aTillgänglig för personer med läsnedsättning enligt § 17 Upphovsrättslagen$uhttp://www.mtm.se/om-oss/uppdrag-och-lagar/upphovsrattslagen/
=520  \\$aD. 2 i serien inledd med Solens rike. Den engelske överklasspojken Jim hamnar i fångläger i 2:a världskrigets Shanghai. Tillbaka i England 1946 gifter han sig, men familjen drabbas av olycka. Jim dras in i 1960-talets fria liv. Krigsminnena förföljer honom hela livet, och romanen, ytligt sett en kärleksroman, är än mer en anti-krigsroman
=599  \\$5Mtm$aPosten ändrad i Legimus 20210419
=599  \\$aMTM MarcRecordId: 113274
=653  \\$aKärlek
=653  \\$aKrigsromaner
=655  \4$aDAISY
=700  1\$aIsberg, Björn$4nrt
=700  1\$aNilsson, Hans-Jacob,$d1949-$4trl$0https://libris.kb.se/53hlqmjp5grtqrd#it
=776  08$iInläst ur$tKvinnors godhet
=856  40$5Mtm$uhttp://www.legimus.se/work/redirect?MedieNr=C35780$zLadda ner. Tillgänglig för personer med läsnedsättning enligt § 17 Upphovsrättslagen

