=LDR  02647cim a22005297a 4500
=001  12583036
=003  SE-LIBR
=005  20170512133448.0
=007  sd\|||||||||||\\\\\\\\\
=008  120229s2006\\\\sw\nn||e|||||||f\\|\swe|c
=024  7\$aC41253$2MTM medienummer
=035  \\$5Mtm$a(MTM)C41253
=035  \\$a(MTM)C41253
=040  \\$aMtm$ea
=041  1\$aswe$heng
=046  \\$am$m20000101$n20000301
=082  04$a823$222 (machine generated)
=084  \\$aHcee.01$2kssb/8
=084  \\$aHcee.01/TC$2kssb/8
=100  1\$aBallard, James Graham$1http://viaf.org/viaf/9842556$4http://rdaregistry.info/Elements/w/object/P10061
=240  10$aEmpire of the sun$lSvenska$1http://viaf.org/viaf/180997771
=245  10$aSolens rike$h[Ljudupptagning]$broman /$cJ. G. Ballard ; översättning av Hans-Jacob Nilsson.
=264  \1$aEnskede :$bTPB,$c2006
=300  \\$a1 CD-R (15 tim., 15 min.)$bmono
=500  \\$aDigital talbok (DAISY 2.0)
=500  \\$aFortsättes av: Kvinnors godhet
=500  \\$aInläst ur: Stockholm : W&W, 1986
=500  \\$aÖverföring av analog inläsning från: Enskede : TPB, 1986
=506  1\$aTillgänglig för personer med läsnedsättning enligt § 17 Upphovsrättslagen$uhttp://www.mtm.se/om-oss/uppdrag-och-lagar/upphovsrattslagen/
=520  \\$aNär japanerna intar Shanghai 1941 skiljs Jim, 11 år, från sina föräldrar. Han flackar ensam runt i den kaotiska staden och upplever åtskilliga strapatser innan han hamnar i fångläger. Där möter han förnedring och sjukdom med en okuvlig vilja att överleva. Boken bygger på förf:s egna upplevelser
=599  \\$5Mtm$aPosten ändrad i Legimus 20210419
=599  \\$aMTM MarcRecordId: 131296
=653  \\$aFilmad bok
=653  \\$aKrigsromaner
=655  \4$aDAISY
=700  1\$aNilsson, Hans-Jacob,$d1949-$4trl$0https://libris.kb.se/53hlqmjp5grtqrd#it
=700  1\$aSundin, Else-Marie$4nrt
=776  08$iInläst ur$tSolens rike
=856  40$5Mtm$uhttp://www.legimus.se/work/redirect?MedieNr=C41253$zLadda ner. Tillgänglig för personer med läsnedsättning enligt § 17 Upphovsrättslagen

