=LDR  00651cam a22002414a 4500
=001  11762168
=003  SE-LIBR
=005  20100209105437.0
=008  100209s1988\\\\xxk\\\\\\\\\\\\\0\\\eng\c
=035  \\$5Mo$a(Mo)b1279913
=040  \\$aMo
=041  30$aeng
=082  04$a823$222 (machine generated)
=084  \\$aHe.01$2kssb/8
=100  1\$aBallard, James Graham$1http://viaf.org/viaf/9842556$4http://rdaregistry.info/Elements/w/object/P10061
=240  10$aRunning Wild$1http://viaf.org/viaf/481153289950332770009
=245  10$aRunning wild /$cJ. G. Ballard ; with illustrations by Janet Woolley
=260  \\$bHutchinson
=500  \\$aOriginalupplaga 1988
=546  \\$5Mo$aengelska
=653  \\$aScience fiction
=655  \4$aBok

