=LDR  02778cim a22005177a 4500
=001  13481924
=003  SE-LIBR
=005  20170515133107.0
=007  sd\|||||||||||\\\\\\\\\
=008  120703s2012\\\\sw\nn||e|||||||f\\|\swe|c
=024  7\$aC04025$2MTM medienummer
=035  \\$5Mtm$a(MTM)C04025
=035  \\$a(MTM)C04025
=040  \\$aMtm$ea
=041  1\$aswe$heng
=042  \\$9Mtm
=046  \\$am$m20000101$n20000301
=082  04$a823$222 (machine generated)
=084  \\$aHcee.01$2kssb/8
=084  \\$aHcee.01/TC$2kssb/8
=100  1\$aBallard, James Graham$1http://viaf.org/viaf/9842556$4http://rdaregistry.info/Elements/w/object/P10061
=240  10$aRunning Wild$1http://viaf.org/viaf/481153289950332770009
=245  10$aPangbournemassakern$h[Ljudupptagning] /$cJ. G. Ballard ; översättning av Hans-Jacob Nilsson.
=264  \1$aLund :$bBtj,$c2012
=300  \\$a1 CD-R (2 tim., 49 min.)$bmono
=500  \\$aBoken ingår i seren: Legenda novella
=500  \\$aDigital talbok (DAISY 2.02), ljud
=500  \\$aInläst ur: Stockholm : Legenda, 1989. ISBN 91-582-1265-5, 978-91-582-1265-7 (genererat)
=500  \\$aÖverföring av analog inläsning från: Lund : Btj, 1990
=506  1\$aTillgänglig för personer med läsnedsättning enligt § 17 Upphovsrättslagen$uhttp://www.mtm.se/om-oss/uppdrag-och-lagar/upphovsrattslagen/
=520  \\$aI ett exklusivt bostadsområde i London hittas 32 vuxna brutalt mördade; deras barn är försvunna. Polisen kan inte hitta några spår eller någon orsak till brottet. Bokens tyngdpunkt som har formen av en rapport av en rättspsykiater, ligger på "varför" och inte på "vem". Oroande historia som underminerar våra mest omhuldade föreställningar om förhållandet föräldrar-barn. JGB eng. 1930-
=599  \\$5Mtm$aPosten ändrad i Legimus 20210419
=599  \\$aMTM MarcRecordId: 191356
=655  \4$aDAISY
=700  1\$aEriksson, Dick$4nrt
=700  1\$aNilsson, Hans-Jacob,$d1949-$4trl$0https://libris.kb.se/53hlqmjp5grtqrd#it
=776  08$iInläst ur$tPangbournemassakern$z9158212655
=856  40$5Mtm$uhttp://www.legimus.se/work/redirect?MedieNr=C04025$zLadda ner. Tillgänglig för personer med läsnedsättning enligt § 17 Upphovsrättslagen

