=LDR  04594cam a22009377a 4500
=001  9345173
=003  SE-LIBR
=005  20181030230000.0
=008  040201s2004\\\\xxk|||||||||||000\0|eng|c
=015  \\$aGBA4-Z2711
=016  7\$a0826473504$2Uk
=020  \\$a0826473490$qhardback
=020  \\$a0826473504$qPBK.$c£14.99
=035  \\$5Bo$a(Bo)360664
=035  \\$5Mo$a(Mo)b1535971
=035  \\$a(Uk)0826473504
=040  \\$aStDuBDS$cStDuBDS$dUk$dU$ea
=041  \\$aeng
=082  04$a823.91409$222
=084  \\$5Mo$aGe.5$2kssb/8
=084  \\$aGe.01$2kssb/7
=084  \\$aGe.55$2kssb/7
=100  1\$aTew, Philip$4aut
=245  14$aThe contemporary British novel /$cPhilip Tew.
=264  \1$aNew York :$bContinuum,$c2004
=300  \\$axv, 205 s.$c22 cm
=500  \\$5Mo$aengelska
=520  8\$5Mo$aAnalys: Martin Amis ; J.G Ballard ; A.S Byatt ; Jonathan Coe ; Angela Carter ; Jim Grace ; John Fowles ; Kazuo Ishiguro ; James Kelman ; A.L Kennedy ; Hanif Kureishi ; Toby Litt ; Ian McEwan ; Caryl Phillips ; Salman Rushdie ; Iain Sinclair ; Zadie Smith ; Will Self ; Jeanette Winterson
=650  \0$aEnglish fiction$y20th century$xHistory and criticism.
=650  \7$aEngelska författare$y1900-talet$2sao
=650  \7$aEngelska romaner$xhistoria$y1945-$2sao
=653  \\$5Jon$aLiterature
=653  \\$5Jon$aLitteraturhistoria
=653  \\$5Jon$aStorbritannien
=653  \\$5Jon$aUnited Kingdom
=653  \\$5Mo$aEngland
=653  \\$5Mo$aLitteraturvetenskap
=653  \\$5Mo$aStorbritannien
=655  \4$5Mo$aBok

