=LDR  01295cam a22003377  4500
=001  5071715
=003  SE-LIBR
=005  20030414172010.0
=008  011211s1993\\\\xxk\\\\\\\\\\\000\0\swe\c
=020  \\$a0-586-08560-2
=035  \\$90586085602
=040  \\$aVö
=082  04$a813$222 (machine generated)
=084  \\$5Uh$aHeq.01$2kssb/6
=084  \\$aHeq.01$2kssb/6
=100  1\$aBurroughs, William S.,$d1914-1997.$0179750
=245  00$aNaked lunch /$cWilliam Burroughs ; with an introduction by J. G. Ballard
=250  \\$a[New ed.]
=260  \\$aLondon :$bFlamingo,$c1993
=300  \\$a201 s.
=490  0\$aA Flamingo modern classic

