=LDR  02740cim a22005057a 4500
=001  18644708
=003  SE-LIBR
=005  20170301203603.0
=007  sd\|||||||||||\\\\\\\\\
=008  151112s2015\\\\sw\nn||e|||||||f\\|\swe|c
=024  7\$aCA23673$2MTM medienummer
=035  \\$5Mtm$a(MTM)CA23673
=035  \\$a(MTM)CA23673
=040  \\$aMtm$ea
=041  1\$aswe$heng
=042  \\$9Mtm
=046  \\$am$m20151112$n20160111
=082  04$a823$222 (machine generated)
=084  \\$aHcee.016(s)$2kssb/8
=084  \\$aHcee.016(s)/TC$2kssb/8
=245  10$aDet hände i morgon$h[Ljudupptagning]$ben science fiction-antologi /$csammanställd av Sam J. Lundwall ; [översättning: Gunnar Hedberg ...].
=264  \1$aJohanneshov :$bMTM,$c2015
=300  \\$a1 CD-R (7 tim., 27 min.)
=500  \\$aBoken är en översättning från engelska av valda noveller
=500  \\$aBoken ingår i serien: Delta science fiction
=500  \\$aDigital talbok (DAISY 2.02), ljud
=500  \\$aInläst ur: Bromma : Delta, 1973. ISBN 91-7228-013-1, 978-91-7228-013-7 (genererat)
=506  1\$aTillgänglig för personer med läsnedsättning enligt § 17 Upphovsrättslagen$uhttp://www.mtm.se/om-oss/uppdrag-och-lagar/upphovsrattslagen/
=520  \\$aTio science fiction-noveller, utvalda av science fiction-författaren Sam. J. Lundwall. Här finns ingredienser som uppsluppen satir, svindlande fantasi och poetisk vision. Den närliggande framtiden i skildringarna är obehagligt lik vår egen tid. Författarna är: Brian W. Aldiss, Isaac Asimov, J.G. Ballard, Ray Bradbury, Fredric Brown, Arthur C. Clarke, Philip K. Dick, Hal Draper, Frederik Pohl och Robert Sheckley
=538  \\$aFilstorlek: 153 MB
=599  \\$5Mtm$aPosten ändrad i Legimus 20210419
=599  \\$aMTM MarcRecordId: 215931
=655  \4$aDAISY
=700  1\$aGripe, Helena$4nrt
=700  1\$aHedberg, Gunnar$4trl
=700  1\$aLundwall, Sam J.$4pbl
=776  08$iInläst ur$tDet hände i morgon$z9172280131
=856  40$5Mtm$uhttp://www.legimus.se/work/redirect?MedieNr=CA23673$zLadda ner. Tillgänglig för personer med läsnedsättning enligt § 17 Upphovsrättslagen

