=LDR  01653cam a22003133a 4500
=001  17360389
=003  SE-LIBR
=005  20160906190943.0
=007  cr\|||\\\|||||\\\\\\\\\
=008  150106s2015\\\\sw\|||||o|||||000\f|swe|d
=020  \\$a9789187711299
=024  7\$5Elib$a1028127$2Distributör: Elib
=035  \\$aElib1028127
=040  \\$ea
=041  \\$aswe
=072  \7$aFL$2bicssc
=072  \7$aFYB$2bicssc
=100  1\$aJohansson, KG$4aut
=245  10$aFyra kvinnor fyra flickor$h[Elektronisk resurs]
=264  \1$bWela Förlag,$c2015
=380  \\$aFantasy & SF
=380  \\$aNoveller$2barngf
=520  \\$aKG Johansson är mångfaldigt prisbelönt som författare med stipendier, utmärkelser och förstaplaceringar i olika litterära tävlingar. De här novellerna är skrivna under åren runt 2010 och har kvinnor eller flickor som huvudpersoner, även om det någon gång inte verkar så. Det är postapokalyptiskt, poetiskt och fantastiskt, och författaren nämner framför allt William Blake och J.G. Ballard som inspirationskällor. I ett efterord lika läsvärt som de åtta novellerna berättar författaren om novellernas uppkomst. Omslag av Peter Öberg (Affront). [Elib]
=599  \\$aÄndrad av Elib 2015-01-05
=856  42$uhttps://images.elib.se/cover/1028127/1028127.jpg$xdigipic$zOmslagsbild

