=LDR  01867cam a22005177a 4500
=001  11661580
=003  SE-LIBR
=005  20091104150615.0
=008  091104r20052003enk\\\\\\\\\\\000\f\eng\c
=015  \\$aGBA506395$2bnb
=016  7\$a013092179$2Uk
=020  \\$a0-00-720444-2 (pbk.)
=020  \\$a978-0-00-720444-1 (pbk.)
=035  \\$5Mo$a(Mo)b1780478
=035  \\$a(OCoLC)ocm57526962
=040  \\$aUKM$cUKM$dBWKUK$dOCLCG$dGbg
=041  \\$aeng
=042  \\$aukblsr
=050  \4$aPS3552.U75$bN3 2005
=082  04$a813.54$222
=084  \\$5Mo$aHe.01$2kssb/8
=084  \\$aHe.01$2kssb/8
=100  1\$aBurroughs, William S.,$d1914-1997$0179750
=245  10$aNaked lunch :$bthe restored text /$cWilliam Burroughs ; edited by James Grauerholz and Barry Miles ; with an introduction by J.G. Ballard
=260  \\$aLondon :$bHarper Perennial,$c2005
=300  \\$a289 p. ;$c20 cm.
=546  \\$5Mo$aengelska
=650  \0$aDrug abuse$vFiction.
=653  \\$5Mo$aBeat generation
=653  \\$5Mo$aDroger
=653  \\$5Mo$aNarkotika
=653  \\$5Mo$aScience fiction
=653  \\$5Mo$aSkönlitteratur
=655  \4$5Mo$aBok
=655  \7$aBlack humor (Literature)$2gsafd
=700  1\$aGrauerholz, James.
=700  1\$aMiles, Barry,$d1943-$0220911

