=LDR  04923cam a22006733i 4500
=001  19856605
=003  SE-LIBR
=005  20170110151004.0
=007  cr\|||\\\|||||\\\\\\\\\
=008  161115s2016\\\\xxu|||||o|||||000\0|eng|c
=020  \\$a9781137581655
=020  \\$z9781137590619 (Print)
=024  7\$a10.1057/978-1-137-58165-5$2doi
=035  \\$5Qdig$a(ALMA)9921712318204996
=035  \\$5Tdig$a(ALMA)99495676902456
=035  \\$5Udix$a(WaSeSS)ssj0001971112
=040  \\$dLdig$ei$erda
=041  \\$aeng
=050  \4$aPN1-PN6790
=072  \7$aD$2bicssc
=072  \7$aLIT000000$2bisacsh
=082  04$a800$223
=100  1\$aDini, Rachele.$4aut
=245  10$aConsumerism, Waste, and Re-Use in Twentieth-Century Fiction$bLegacies of the Avant-Garde /$cby Rachele Dini.
=264  \1$aNew York :$bPalgrave Macmillan US :$bImprint: Palgrave Macmillan,$c2016
=300  \\$aXIV, 253 p. 15 illus.$bonline resource.
=336  \\$atext$btxt$2rdacontent
=337  \\$acomputer$bc$2rdamedia
=338  \\$aonline resource$bcr$2rdacarrier
=347  \\$atext file$bPDF
=505  8\$aIntroduction -- Chapter One: In search of an epiphany: Redeeming waste and irrupting into the everyday -- Chapter Two: Samuel Beckett's personnes perdues: Human waste in The Trilogy, Texts for Nothing, and How it I -- Chapter Three: Waste in Donald Barthelme, J.G Ballard, and William Gaddis -- Chapter Four: "Most of our longings go unfulfilled": DeLillo's historiographical readings of landfills and nuclear fallout -- Conclusion -- Bibliography.
=520  \\$aThis book examines manufactured waste and remaindered humans in literary critiques of capitalism by twentieth-century writers associated with the historical avant-garde and their descendants. Building on recent work in new materialism and waste studies, Rachele Dini reads waste as a process or phase amenable to interruption. From an initial exploration of waste and re-use in three Surrealist texts by Giorgio de Chirico, André Breton, and Mina Loy, Dini traces the conceptualization of waste in the writing of Samuel Beckett, Donald Barthelme, J.G. Ballard, William Gaddis, and Don DeLillo. In exploring the relationship between waste, capitalism, and literary experimentation, this book shows that the legacy of the historical avant-garde is bound up with an enduring faith in the radical potential of waste. The first study to focus specifically on waste in the twentieth-century imagination, this is a valuable contribution to the expanding field of waste studies.
=599  \\$5Miun$aSFX
=599  \\$5Qdig$aALMA
=599  \\$5Tdig$aALMA
=599  \\$5Udix$aWaSeSS
=650  \0$aLiterature.
=650  14$aLiterature.
=650  24$aLiterature, general.
=710  2\$aSpringerLink (Online service)
=776  08$iPrinted edition:$tConsumerism, Waste, and Re-Use in Twentieth-Century Fiction$z9781137590619
=856  40$5Miun$uhttp://sfxeu11.hosted.exlibrisgroup.com/sfxmiu/?url_ver=Z39.88-2004&ctx_ver=Z39.88-2004&ctx_enc=info:ofi/enc:UTF-8&rfr_id=info:sid/sfxit.com:opac_856&url_ctx_fmt=info:ofi/fmt:kev:mtx:ctx&sfx.ignore_date_threshold=1&rft.object_id=3710000000915282&svc_val_fmt=info:ofi/fmt:kev:mtx:sch_svc&$zStudent portal login$zSpringer DDA:Full Text
=856  40$5Qdig$uhttps://search.ub.umu.se/openurl/46UMEA_INST/46UMEA_INST:UmUB?u.ignore_date_coverage=true&rft.mms_id=9921712318204996$zOnline access for UMUB$zfulltext$zEbook Central (UmU)
=856  40$5Tdig$uhttp://pmt-eu.hosted.exlibrisgroup.com/openurl/46KTH/46KTH_services_page?u.ignore_date_coverage=true&rft.mms_id=99495676902456$zOnline access for KTHB$zfulltext$zSpringer
=856  40$5Udix$uhttp://ezproxy.its.uu.se/login?url=https://link.springer.com/10.1057/978-1-137-58165-5$zTillgänglig för användare inom Uppsala universitet$zSpringer English/International eBooks 2016 - Full Set
=856  42$uhttp://dx.doi.org/10.1057/978-1-137-58165-5$x856other$zTable of Contents / Abstracts

