=LDR  03799cam a22005897i 4500
=001  20217838
=003  SE-LIBR
=005  20170403112005.0
=008  170403t20172017enk|||||||||||001\0|eng|d
=020  \\$a1474233503$q(PB)
=020  \\$a1474233511
=020  \\$a9781474233507$q(PB)
=020  \\$a9781474233514
=020  \\$z9781474233521 ((epub)
=020  \\$z9781474233538 ((pdf)
=035  \\$5AlbE$a(ALMA)991001066205403631
=035  \\$a(OCoLC)970815843$z(OCoLC)946216507
=035  \\$a(OCoLC)ocn970815843
=040  \\$aIBA$beng$cIBA$dOCLCO$dCDX$dYDX$dYDXCP$dBTCTA$dBDX$dERASA$dOCLCF$dHTM$dSbi$ei$erda
=041  \\$aeng
=042  \\$9BULB
=050  \4$aPN56.A69
=082  04$a809/.93353$223
=100  1\$aTate, Andrew,$d1971-$4aut
=245  10$aApocalyptic fiction /$cAndrew Tate.
=264  \1$aLondon, UK ;$aNew York, NY, USA :$bBloomsbury Academic, an imprint of Bloomsbury Publishing Plc,$c[2017]
=264  \1$aLondon, UK ;$aNew York, NY, USA :$bBloomsbury Academic, an imprint of Bloomsbury Publishing Plc,$c[2017].
=264  \4$c©2017.
=300  \\$a179 pages$c23 cm.
=336  \\$atext$btxt$2rdacontent
=337  \\$aunmediated$bn$2rdamedia
=338  \\$avolume$bnc$2rdacarrier
=490  1\$a21st century genre fiction
=504  \\$aIncludes bibliographical references (pages 139-171) and index
=505  8\$a1. Introduction: Dreams of the 'ruined' future -- 2. 'God rains over everything': Two floods -- 3. 'Sudden departure': Rapture writing -- 4. 'In the beginning, there was chaos': Atwood, apocalypse, art -- 5. Empty roads: Walking after catastrophe -- 6. Keep watching: Spectacle, rebellion and apocalyptic rites of passage -- 7. Conclusion: 'Survival is insufficient.'
=520  8\$aVisions of post-apocalyptic worlds have proved to be irresistible for many 21st-century writers, from literary novelists to fantasy and young adult writers. Exploring a wide range of texts, from the works of Margaret Atwood, Cormac McCarthy and David Mitchell to young adult novels such as Suzanne Collins's The Hunger Games series, this is the first critical introduction to contemporary apocalyptic fiction. Exploring the cultural and political contexts of these writings and their echoes in popular media, Apocalyptic Fiction also examines how contemporary apocalyptic texts looks back to earlier writings by the likes of Mary Shelley, H.G. Wells and J.G. Ballard. Apocalyptic Fiction includes an annotated guide to secondary readings, making this an essential guide for students of contemporary fiction at all levels.
=599  \\$5AlbE$aALMA
=650  \0$aApocalypse in literature.
=650  \7$aDystopier$2sbiao
=650  \7$aUngdomsböcker$2sbiao
=830  \0$a21st century genre fiction series
=856  40$5AlbE$uhttps://anna-lindh.primo.exlibrisgroup.com/openurl/46LIBRIS_ALB_INST/46LIBRIS_ALB_INST:46ALB_VU1?u.ignore_date_coverage=true&rft.mms_id=991001066205403631$zTillgänglig för användare inom Försvarshögskolan/Anna Lindh-biblioteket$zfulltext$zEBSCOhost Ebook Academic Collection

