=LDR  03589cam a22006013i 4500
=001  21606474
=003  SE-LIBR
=005  20171009113731.0
=007  cr\|||\\\|||||\\\\\\\\\
=008  170926s2017\\\\gw\|||||o|||||000\0|eng|c
=020  \\$a9783319615486
=020  \\$z9783319615479 (Print)
=024  7\$a10.1007/978-3-319-61548-6$2doi
=035  \\$5Kdig$a(EBZ)ebs14696027e
=035  \\$5Udix$a(WaSeSS)ssib029248283
=040  \\$dLdig$ei$erda
=041  \\$aeng
=050  \4$aPN770-PN779
=072  \7$aDSBH$2bicssc
=072  \7$aLIT024050$2bisacsh
=082  04$a809.04$223
=100  1\$aHammond, Andrew.$4aut
=245  10$aCold War Stories$bBritish Dystopian Fiction, 1945-1990 /$cby Andrew Hammond.
=264  \1$aCham :$bSpringer International Publishing :$bImprint: Palgrave Macmillan,$c2017
=300  \\$aV, 168 p.$bonline resource.
=336  \\$atext$btxt$2rdacontent
=337  \\$acomputer$bc$2rdamedia
=338  \\$aonline resource$bcr$2rdacarrier
=347  \\$atext file$bPDF
=505  8\$a1. Introduction -- 2. Cold War Anxieties -- 3. A Weakened Nation -- 4. The Art of Dystopia.
=520  \\$aThis book is the first comprehensive study of mainstream British dystopian fiction and the Cold War. Drawing on over 200 novels and collections of short stories, the monograph explores the ways in which dystopian texts charted the lived experiences of the period, offering an extended analysis of authors' concerns about the geopolitical present and anxieties about the national future. Amongst the topics addressed are the processes of Cold War (autocracy, militarism, propaganda, intelligence, nuclear technologies), the decline of Britain's standing in global politics and the reduced status of intellectual culture in Cold War Britain. Although the focus is on dystopianism in the work of mainstream authors, including George Orwell, Doris Lessing, J.G. Ballard, Angela Carter and Anthony Burgess, a number of science-fiction novels are also discussed, making the book relevant to a wide range of researchers and students of twentieth-century British literature.
=599  \\$5Kdig$aEBZ
=599  \\$5Udix$aWaSeSS
=650  \0$aBritish literature.
=650  \0$aFiction.
=650  \0$aLiterature, Modern$x20th century.
=650  \0$aLiterature.
=650  14$aLiterature.
=650  24$aBritish and Irish Literature.
=650  24$aFiction.
=650  24$aTwentieth-Century Literature.
=710  2\$aSpringerLink (Online service)
=776  08$iPrinted edition:$tCold War Stories$z9783319615479
=856  40$5Kdig$uhttps://link.springer.com/10.1007/978-3-319-61548-6$zOnline access for KaU$zSpringer Literature, Cultural and Media Studies eBooks 2017 English/International$zfulltext
=856  40$5Udix$uhttp://ezproxy.its.uu.se/login?url=https://link.springer.com/10.1007/978-3-319-61548-6$zTillgänglig för användare inom Uppsala universitet$zSpringer English/International eBooks 2017 - Full Set
=856  42$uhttp://dx.doi.org/10.1007/978-3-319-61548-6$x856other$zTable of Contents / Abstracts

