=LDR  02863nam a22004933i 4500
=001  9pbjz4lx70w01t4p
=003  SE-LIBR
=005  20210512092419.0
=008  210512s2018\\\\enka|||||b||||001\0|eng|d
=015  \\$aGBB8I6882$2bnb
=015  \\$aGBB9F7102$2bnb
=016  7\$a018373701$2Uk
=016  7\$a019273267$2Uk
=020  \\$a0995455066
=020  \\$a9780995455061$q(paperback)
=035  \\$a(OCoLC)on1060191566
=040  \\$aGk$beng$cNZAUC$dOCLCO$dUKMGB$dOCLCF$dNDD$dOCLCQ$ei$erda
=041  \\$aeng
=050  \4$aBF1999
=082  04$a130$223
=084  \\$aDop$2kssb/8 (machine generated)
=245  10$aCCRU writings 1997-2003 /$cCCRU.
=246  1\$aCybernetic Culture Research Unit writings 1997-2003
=246  1\$aWritings 1997-2003
=250  \\$aSecond edition
=264  \1$aFalmouth, United Kingdom :$bUrbanomic Media Ltd,$c2018
=300  \\$a378 pages$billustrations$c21 cm
=336  \\$atext$btxt$2rdacontent
=337  \\$aunmediated$bn$2rdamedia
=338  \\$avolume$bnc$2rdacarrier
=500  \\$aOriginally published as an e-book by Time Spiral Press in 2015.
=504  \\$aIncludes bibliographical references and index.
=505  8\$aID(endtity) -- The Cthulhu Club -- AOE/AXSYS -- Black Atlantis -- Barker -- Sarkon -- Cybergothic -- Pandemonium.
=520  \\$a"The texts collected here document the CCRU's perilous efforts to catalogue the traces of Lemurian occulture, bringing together the scattered accounts of those who had stumbled upon lagooned relics of nonhuman intelligence--a project that led ultimately to the recovery of the Numogram and the reconstruction of the principles of Lemurian time-sorcery--before disintegrating into collective schizophrenia and two decades of absolute obscurity. Meshing together fiction, number theory, voodoo, philosophy, anthropology, palate tectonics, information science, semiotics, geotraumatics, occultism, and other nameless knowledges, in these pages the incomplete evidence gathered by explorers including Burroughs, Blavatsky, Lovecraft, Jung, Barker, J.G. Ballard, William Gibson, and Octavia Butler, but also the testimony of more obscure luminaries such as Echidna Stillwell, Oskar Sarkon, and Madame Centauri, are clarified and subjected to systematic investigation, comparison, and assessment so as to gauge the real stakes of the Time-War still raging behind the collapsing façade of reality ..."--Publisher's description.
=599  \\$aImported from: zcat.oclc.org:210/OLUCWorldCat (Do not remove)
=650  \0$aCybernetics.
=650  \0$aLemuria.
=650  \0$aOccultism.
=650  \0$aOcculture.
=650  \7$aCybernetics.$2fast
=650  \7$aLemuria.$2fast
=650  \7$aOccultism.$2fast
=710  2\$aCybernetic Culture Research Unit$4aut

