=LDR  26052cam a22041533a 4500
=001  7knhm18c5j6gfw6k
=003  SE-LIBR
=005  20200806160438.0
=007  cr\|||\\\|||||\\\\\\\\\
=008  200402s2020\\\\sw\|||||o|||||000\f|swe|d
=020  \\$a9789174996944
=024  7\$5Alve$a1103690$2Distributör: Elib
=024  7\$5Arlo$a1103690$2Distributör: Elib
=024  7\$5Biv$a1103690$2Distributör: Elib
=024  7\$5BoE$a1103690$2Distributör: Elib
=024  7\$5Dand$a1103690$2Distributör: Elib
=024  7\$5Elan$a1103690$2Distributör: Elib
=024  7\$5Elib$a1103690$2Distributör: Elib
=024  7\$5Eslo$a1103690$2Distributör: Elib
=024  7\$5Fab$a1103690$2Distributör: Elib
=024  7\$5Gnes$a1103690$2Distributör: Elib
=024  7\$5Gnos$a1103690$2Distributör: Elib
=024  7\$5Habo$a1103690$2Distributör: Elib
=024  7\$5Hamn$a1103690$2Distributör: Elib
=024  7\$5Hasb$a1103690$2Distributör: Elib
=024  7\$5HibE$a1103690$2Distributör: Elib
=024  7\$5JosE$a1103690$2Distributör: Elib
=024  7\$5Kbb$a1103690$2Distributör: Elib
=024  7\$5Ld$a1103690$2Distributör: Elib
=024  7\$5Less$a1103690$2Distributör: Elib
=024  7\$5Lisb$a1103690$2Distributör: Elib
=024  7\$5Lvab$a1103690$2Distributör: Elib
=024  7\$5MoE$a1103690$2Distributör: Elib
=024  7\$5Moln$a1103690$2Distributör: Elib
=024  7\$5Munk$a1103690$2Distributör: Elib
=024  7\$5Nafd$a1103690$2Distributör: Elib
=024  7\$5Nass$a1103690$2Distributör: Elib
=024  7\$5Nykb$a1103690$2Distributör: Elib
=024  7\$5Nykv$a1103690$2Distributör: Elib
=024  7\$5Okb$a1103690$2Distributör: Elib
=024  7\$5Oxel$a1103690$2Distributör: Elib
=024  7\$5Ronn$a1103690$2Distributör: Elib
=024  7\$5Skkf$a1103690$2Distributör: Elib
=024  7\$5Sob$a1103690$2Distributör: Elib
=024  7\$5Solb$a1103690$2Distributör: Elib
=024  7\$5Soll$a1103690$2Distributör: Elib
=024  7\$5Sosb$a1103690$2Distributör: Elib
=024  7\$5SsbE$a1103690$2Distributör: Elib
=024  7\$5Sten$a1103690$2Distributör: Elib
=024  7\$5Stra$a1103690$2Distributör: Elib
=024  7\$5Sund$a1103690$2Distributör: Elib
=024  7\$5Taby$a1103690$2Distributör: Elib
=024  7\$5Tanu$a1103690$2Distributör: Elib
=024  7\$5TimE$a1103690$2Distributör: Elib
=024  7\$5Tkb$a1103690$2Distributör: Elib
=024  7\$5Trel$a1103690$2Distributör: Elib
=024  7\$5Udd$a1103690$2Distributör: Elib
=024  7\$5Um$a1103690$2Distributör: Elib
=024  7\$5Vane$a1103690$2Distributör: Elib
=024  7\$5Vlib$a1103690$2Distributör: Elib
=035  \\$aElib1103690
=040  \\$aSEK$bswe$ea
=041  1\$aswe$heng
=082  04$a823$222 (machine generated)
=084  \\$aHcee.01$2kssb/8
=084  \\$aHcee.01/DR$2kssb/8
=100  1\$aChandler, Raymond,$d1888-1959$4aut$0https://libris.kb.se/75kmmg8r0k5lcgj#it
=240  14$aThe long goodbye$lSvenska
=245  10$aLångt farväl /$cRaymond Chandler ; översättning av Mårten Edlund.
=264  \1$aStockholm :$bModernista,$c[2020]
=336  \\$atext$btxt$2rdacontent
=337  \\$acomputer$bc$2rdamedia
=347  \\$bepub
=500  \\$5Alve$aOffline epub med Adobe-kryptering (2.72 MB)
=500  \\$5Alve$aOnline epub (2.72 MB)
=500  \\$5Arlo$aOffline epub med Adobe-kryptering (2.72 MB)
=500  \\$5Arlo$aOnline epub (2.72 MB)
=500  \\$5Biv$aOffline epub med Adobe-kryptering (2.72 MB)
=500  \\$5Biv$aOnline epub (2.72 MB)
=500  \\$5BoE$aOffline epub med Adobe-kryptering (2.72 MB)
=500  \\$5BoE$aOnline epub (2.72 MB)
=500  \\$5Dand$aOffline epub med Adobe-kryptering (2.72 MB)
=500  \\$5Dand$aOnline epub (2.72 MB)
=500  \\$5Elan$aOffline epub med Adobe-kryptering (2.72 MB)
=500  \\$5Elan$aOnline epub (2.72 MB)
=500  \\$5Eslo$aOffline epub med Adobe-kryptering (2.72 MB)
=500  \\$5Eslo$aOnline epub (2.72 MB)
=500  \\$5Fab$aOffline epub med Adobe-kryptering (2.72 MB)
=500  \\$5Fab$aOnline epub (2.72 MB)
=500  \\$5Gnes$aOffline epub med Adobe-kryptering (2.72 MB)
=500  \\$5Gnes$aOnline epub (2.72 MB)
=500  \\$5Gnos$aOffline epub med Adobe-kryptering (2.72 MB)
=500  \\$5Gnos$aOnline epub (2.72 MB)
=500  \\$5Habo$aOffline epub med Adobe-kryptering (2.72 MB)
=500  \\$5Habo$aOnline epub (2.72 MB)
=500  \\$5Hamn$aOffline epub med Adobe-kryptering (2.72 MB)
=500  \\$5Hamn$aOnline epub (2.72 MB)
=500  \\$5Hasb$aOffline epub med Adobe-kryptering (2.72 MB)
=500  \\$5Hasb$aOnline epub (2.72 MB)
=500  \\$5HibE$aOffline epub med Adobe-kryptering (2.72 MB)
=500  \\$5HibE$aOnline epub (2.72 MB)
=500  \\$5JosE$aOffline epub med Adobe-kryptering (2.72 MB)
=500  \\$5JosE$aOnline epub (2.72 MB)
=500  \\$5Kbb$aOffline epub med Adobe-kryptering (2.72 MB)
=500  \\$5Kbb$aOnline epub (2.72 MB)
=500  \\$5Ld$aOffline epub med Adobe-kryptering (2.72 MB)
=500  \\$5Ld$aOnline epub (2.72 MB)
=500  \\$5Less$aOffline epub med Adobe-kryptering (2.72 MB)
=500  \\$5Less$aOnline epub (2.72 MB)
=500  \\$5Lisb$aOffline epub med Adobe-kryptering (2.72 MB)
=500  \\$5Lisb$aOnline epub (2.72 MB)
=500  \\$5Lvab$aOffline epub med Adobe-kryptering (2.72 MB)
=500  \\$5Lvab$aOnline epub (2.72 MB)
=500  \\$5MoE$aOffline epub med Adobe-kryptering (2.72 MB)
=500  \\$5MoE$aOnline epub (2.72 MB)
=500  \\$5Moln$aOffline epub med Adobe-kryptering (2.72 MB)
=500  \\$5Moln$aOnline epub (2.72 MB)
=500  \\$5Munk$aOffline epub med Adobe-kryptering (2.72 MB)
=500  \\$5Munk$aOnline epub (2.72 MB)
=500  \\$5Nafd$aOffline epub med Adobe-kryptering (2.72 MB)
=500  \\$5Nafd$aOnline epub (2.72 MB)
=500  \\$5Nass$aOffline epub med Adobe-kryptering (2.72 MB)
=500  \\$5Nass$aOnline epub (2.72 MB)
=500  \\$5Nykb$aOffline epub med Adobe-kryptering (2.72 MB)
=500  \\$5Nykb$aOnline epub (2.72 MB)
=500  \\$5Nykv$aOffline epub med Adobe-kryptering (2.72 MB)
=500  \\$5Nykv$aOnline epub (2.72 MB)
=500  \\$5Okb$aOffline epub med Adobe-kryptering (2.72 MB)
=500  \\$5Okb$aOnline epub (2.72 MB)
=500  \\$5Oxel$aOffline epub med Adobe-kryptering (2.72 MB)
=500  \\$5Oxel$aOnline epub (2.72 MB)
=500  \\$5Ronn$aOffline epub med Adobe-kryptering (2.72 MB)
=500  \\$5Ronn$aOnline epub (2.72 MB)
=500  \\$5Skkf$aOffline epub med Adobe-kryptering (2.72 MB)
=500  \\$5Skkf$aOnline epub (2.72 MB)
=500  \\$5Sob$aOffline epub med Adobe-kryptering (2.72 MB)
=500  \\$5Sob$aOnline epub (2.72 MB)
=500  \\$5Solb$aOffline epub med Adobe-kryptering (2.72 MB)
=500  \\$5Solb$aOnline epub (2.72 MB)
=500  \\$5Soll$aOffline epub med Adobe-kryptering (2.72 MB)
=500  \\$5Soll$aOnline epub (2.72 MB)
=500  \\$5Sosb$aOffline epub med Adobe-kryptering (2.72 MB)
=500  \\$5Sosb$aOnline epub (2.72 MB)
=500  \\$5SsbE$aOffline epub med Adobe-kryptering (2.72 MB)
=500  \\$5SsbE$aOnline epub (2.72 MB)
=500  \\$5Sten$aOffline epub med Adobe-kryptering (2.72 MB)
=500  \\$5Sten$aOnline epub (2.72 MB)
=500  \\$5Stra$aOffline epub med Adobe-kryptering (2.72 MB)
=500  \\$5Stra$aOnline epub (2.72 MB)
=500  \\$5Sund$aOffline epub med Adobe-kryptering (2.72 MB)
=500  \\$5Sund$aOnline epub (2.72 MB)
=500  \\$5Taby$aOffline epub med Adobe-kryptering (2.72 MB)
=500  \\$5Taby$aOnline epub (2.72 MB)
=500  \\$5Tanu$aOffline epub med Adobe-kryptering (2.72 MB)
=500  \\$5Tanu$aOnline epub (2.72 MB)
=500  \\$5TimE$aOffline epub med Adobe-kryptering (2.72 MB)
=500  \\$5TimE$aOnline epub (2.72 MB)
=500  \\$5Tkb$aOffline epub med Adobe-kryptering (2.72 MB)
=500  \\$5Tkb$aOnline epub (2.72 MB)
=500  \\$5Trel$aOffline epub med Adobe-kryptering (2.72 MB)
=500  \\$5Trel$aOnline epub (2.72 MB)
=500  \\$5Udd$aOffline epub med Adobe-kryptering (2.72 MB)
=500  \\$5Udd$aOnline epub (2.72 MB)
=500  \\$5Um$aOffline epub med Adobe-kryptering (2.72 MB)
=500  \\$5Um$aOnline epub (2.72 MB)
=500  \\$5Vane$aOffline epub med Adobe-kryptering (2.72 MB)
=500  \\$5Vane$aOnline epub (2.72 MB)
=500  \\$5Vlib$aOffline epub med Adobe-kryptering (2.72 MB)
=500  \\$5Vlib$aOnline epub (2.72 MB)
=500  \\$aE-bok
=500  \\$aFörsta svenska upplaga 1955
=520  \\$a»En av tidernas bästa kriminalförfattare.« Sunday Times  »Raymond Chandler är mästaren« New York Times  Den utblottade, alkoholiserade Terry Lennox har ett problem: Hans miljonärshustru är död och han måste snabbt ta sig ut ur Los Angeles. Så han vänder sig till sin enda vän i världen: privatdetektiven Philip Marlowe. Marlowe är beredd att hjälpa en vän i nöd, men så tar Lennox livet av sig i Mexiko och allt börjar gå snett.  Marlowe ställs inför en eländig samling otrogna och alkoholiserade män i LA:s Idle Valley, där de rika lider av en enda lång solbränd baksmälla. Marlowe är övertygad om att Lennox inte mördade sin hustru, men hur många fler lik ska behöva dyka upp innan han lyckas uppdaga sanningen?  RAYMOND CHANDLER [1888 - 1959] är den amerikanska deckartraditionens verklige gigant, beundrad av litterära ikoner som Ian Fleming, Evelyn Waugh, J. G. Ballard och Haruki Murakami. Flera av hans romaner har filmatiserats och blivit odödliga klassiker på egen hand. [Elib]
=599  \\$aÄndrad av Elib 2020-04-01
=600  14$aMarlowe, Philip$c(fiktiv gestalt)
=651  \7$aFörenta staterna$zLos Angeles$0https://id.kb.se/term/sao/F%C3%B6renta%20staterna--Los%20Angeles$2sao
=655  \7$aDeckare$0https://id.kb.se/term/saogf/Deckare$2saogf
=655  \7$aDockfilmer$0https://id.kb.se/term/saogf/Dockfilmer$2saogf
=700  1\$aEdlund, Mårten,$d1913-1987$4trl$0https://libris.kb.se/97mppmst24lcfkl#it
=856  42$5Hamn$uhttp://norrabohuslan.elib.se/Books/Details/1103690$xorigin:Elib$zLåna från ditt bibliotek. Lånekort krävs.
=856  42$5HibE$uhttp://hb.elib.se/Books/Details/1103690$xorigin:Elib$zLåna från ditt bibliotek. Lånekort krävs.
=856  42$5MoE$uhttp://malmo.elib.se/Books/Details/1103690$xorigin:Elib$zLåna från ditt bibliotek. Lånekort krävs.
=856  42$5Munk$uhttp://norrabohuslan.elib.se/Books/Details/1103690$xorigin:Elib$zLåna från ditt bibliotek. Lånekort krävs.
=856  42$5Skkf$uhttp://norrabohuslan.elib.se/Books/Details/1103690$xorigin:Elib$zLåna från ditt bibliotek. Lånekort krävs.
=856  42$5Tanu$uhttp://norrabohuslan.elib.se/Books/Details/1103690$xorigin:Elib$zLåna från ditt bibliotek. Lånekort krävs.
=856  42$uhttps://images.elib.se/cover/1103690/1103690_202004011644.jpg$xdigipic$zOmslagsbild

