=LDR  05909cam a22005293a 4500
=001  12517860
=003  SE-LIBR
=005  20150922161007.0
=007  cr\|||\\\|||||\\\\\\\\\
=008  120131s2010\\\\xxk|||||o|||||000\0|eng|d
=020  \\$a0230290442$c£58.75
=020  \\$a9780230290440$c£58.75
=020  \\$z9780230219755 (Print)
=040  \\$aUK-WkNB$beng$cUK-WkNB$ea
=041  \\$aeng
=072  \7$aDSBH$2bicssc
=072  \7$aDSK$2bicssc
=072  \7$aJMP$2bicssc
=072  \7$aLIT$2eflch
=100  1\$aBaker, Charley.
=245  10$aMadness in post-1945 British and American fiction$h[Elektronisk resurs] /$cCharley Baker [et al.].
=264  \1$aBasingstoke :$bPalgrave Macmillan,$c2010
=300  \\$a240 p.
=365  \\$a02$b58.75$cGBP$d00$hS 43.75 20.0 52.50 8.75$iZ 6.25 0.0 6.25 0.00$jGB$kxxk$mPalgrave Macmillan$2onix-pt
=366  \\$b20101014$cIP 20110105$jGB$kxxk$mPalgrave Macmillan$2UK-WkNB
=500  \\$aElectronic book text.
=500  \\$aEpublication based on: 9780230219755, 2010.
=505  8\$aAcknowledgements Author Biographies Writing Madness, Analysing Madness Mental States Power and Institutions in Fiction Diversity, Ethnicity, Madness and Fiction Creativity, Madness and Fiction Postmodern Madness Literature and Clinical Education Bibliography  Endnotes Index.
=516  \\$aDocument
=520  \\$aA comprehensive and thematic exploration of representations of madness in postwar British and American Fiction, this book is relevant to those with interests in literary studies and is a vital read for psychiatric clinicians and professionals who are interested in how literature can inform and enhance clinical practices.$bThis is one of the first books to comprehensively explore representations of madness in postwar British and American Fiction. The book looks at representations of madness in a range of texts by postwar writers (such as Ken Kesey, Marge Piercy, Patrick McGrath, Leslie Marmon Silko, William Golding, Patrick Gale, William Burroughs and J.G. Ballard, to name a few), and explores the ways in which these representations help to shape public perceptions and how they portray highly unique experiences of mental disorder.  The five authors come from diverse backgrounds -- literary studies, social psychology, medical psychiatry and psychiatric nursing -- and as such the book's perspectives are informed through several discourses, making it a unique co-authored text in the discipline of Health Humanities.  This book is of relevance to both those with interests in literary studies, and is a vital read for psychiatric clinicians and professionals who are interested in how literature can inform and enhance clinical practices. Those who have been affected by mental health issues will also find this book both relevant and empathic to such human experiences.
=538  \\$aPDF.
=545  0\$aCHARLEY BAKER is a Research Associate at the University of Nottingham, UK. She is working towards a PhD at Royal Holloway on Postmodern Psychosis. She has published work on Self Harm in Literature and using Literature in Clinical Education. Baker has research interests in madness and literature, literature and trauma, bibliotherapy, and suicide and self harm. She is co-founder of the Madness and Literature Network (www.madnessandliterature.org)    PAUL CRAWFORD is Professor of Health Humanities at the School of Nursing, Midwifery and Physiotherapy at the University of Nottingham, UK. He is a Fellow of the Royal Society of Arts, Professor of the Institute of Mental Health, and holds visiting chairs in Australia and Taiwan.   BRIAN BROWN has research interests which span the social sciences and humanities and involve the development of theoretical frameworks to facilitate interdisciplinary research. He has published widely on healthcare and the social theory of Mind Foucault and Pierre Bourdieu.    MAURICE LIPSEDGE is Emeritus Consultant Psychiatrist with South London and Maudsley NHS Trust, UK, and Visiting Senior Lecturer in the Department of Psychological Medicine within Guys, Kings and St Thomas' School of Medicine. He is author, with Roland Littlewood, of Aliens and Alienists: Ethnic Minorities and Psychiatry, and author of a number of books, papers and chapters on occupational psychiatry, medical ethics, risk assessment and medical anthropology.   RONALD CARTER is Professor of Modern English Language in the School of English Studies, University of Nottingham, UK. He has published over 100 papers and written, co-written, edited and co-edited over 50 books in the field of language and literature studies, applied linguistics, English language teaching and learning and communication studies.
=599  \\$5Hdig$aSFX
=650  \7$aAbnormal psychology.$2bicssc
=650  \7$aLiterary studies: fiction, novelists & prose writers.$2bicssc
=650  \7$aLiterary studies: from c 1900 -.$2bicssc
=650  \7$aLiterature.$2eflch
=700  1\$aBrown, B.J.
=700  1\$aCarter, Ronald,$d1947-$0https://libris.kb.se/75kmmf3r52p9gxs#it
=700  1\$aCrawford, Paul.
=700  1\$aLipsedge, Maurice.
=856  40$5Hdig$uhttp://link.sub.su.se/sfxsub?url_ver=Z39.88-2004&ctx_ver=Z39.88-2004&ctx_enc=info:ofi/enc:UTF-8&rfr_id=info:sid/sfxit.com:opac_856&url_ctx_fmt=info:ofi/fmt:kev:mtx:ctx&sfx.ignore_date_threshold=1&rft.object_id=2670000000070161&svc_val_fmt=info:ofi/fmt:kev:mtx:sch_svc&$zTillgänglig för användare inom Stockholms universitet$zSpringerLink Books - AutoHoldings:Full Text
=856  42$uhttp://dx.doi.org/10.1057/9780230290440$x856other$zTable of Contents / Abstracts

