=LDR  13134cam a22018017a 4500
=001  16092580
=003  SE-LIBR
=005  20150522121842.0
=006  m\\\\\\\\d\|\\\\\\
=007  cr\|||\\\|||||\\\\\\\\\
=008  140311s2013\\\\xxu|||||o|||||000\||eng|c
=020  \\$a9781136224690$qelectronic bk.
=020  \\$z9780415806985 (print)
=035  \\$5Bthd$a(WaSeSS)ssj0000757884
=035  \\$5Hald$a(ALMA)991000800661305936
=035  \\$5HdE$a(WaSeSS)ssj0000757884
=035  \\$5Hibd$a(ALMA)993607604503662
=035  \\$5JonE$a(ALMA)998207223303831
=035  \\$5Jsld$a(ALMA)9919620301905121
=035  \\$5LiUd$a(EBZ)ebs1590569e
=035  \\$5LnuE$a(ALMA)997095838203661
=035  \\$5Mdhd$a(ALMA)991001102344403211
=035  \\$5Odig$a(ALMA)999474214103663
=035  \\$5Qdig$a(ALMA)9921529614604996
=035  \\$5ThsE$a(EBZ)ebs1590569e
=035  \\$5Udix$a(WaSeSS)ssj0000757884
=035  \\$5Zdig$a(EBZ)ebs1590569e
=035  \\$a(AU-PeEL)EBL1046984
=035  \\$a(OCoLC)817889081
=035  \\$aEBL1046984
=040  \\$aAU-PeEL$beng$cAU-PeEL$dAU-PeEL$dGdig$ea
=041  \\$aeng
=050  \4$aPR478.S57 H36 2013
=082  00$a820.900914$223/swe
=100  1\$aHanson, Clare.$4aut
=245  10$aEugenics, literature, and culture in post-war Britain$h[Elektronisk resurs] /$cClare Hanson.
=264  \1$aNew York :$bRoutledge,$c2013
=300  \\$a1 online resource (201 p.)
=490  1\$aRoutledge interdisciplinary perspectives on literature ;$v11
=500  \\$aDescription based upon print version of record.
=505  8\$aFront Cover; Eugenics, Literature and Culture in Post-war Britain; Copyright Page; Contents; List of Figures; Acknowledgements; Introduction; 1 Eugenics and the Meritocracy; 2 Defective Humans: Mental Deficiency in Post-war Britain; 3 Genetics and Eugenics; 4 Race and the Body Politic; 5 Population Control; 6 Afterword; Notes; Selected Bibliography; Index
=520  \\$aThis book explores eugenics in its wider social context and in literary representations in post-war Britain. Drawing on a wide range of sources in medicine, social and educational policy, genetics, popular science, science fiction, and literary texts, Hanson tracks the dynamic interactions between eugenic ideas across diverse cultural fields, demonstrating the strength of the eugenic imagination. Challenging assumptions that eugenics was fatally compromised by its association with Nazi atrocities, or that it petered out in the context of changed social attitudes in an egalitarian post-war society, the book demonstrates that eugenic thought not only persisted after 1945, but became more prominent. Throughout, eugenics is defined as a cultural movement, rather than more narrowly as a science, and the study is focused on its border-crossing capacity as a 'style of thought.' By tracing the expression of eugenic ideas across disciplinary boundaries and in both high and low culture, this book demonstrates the powerful and pervasive influence of eugenics in the post-war years. Authors visited include Raymond Williams, John Braine, Agatha Christie, Muriel Spark, Anthony Burgess, Doris Lessing, and J.G. Ballard.
=599  \\$5Bthd$aWaSeSS
=599  \\$5Gdix$aSFX
=599  \\$5Hald$aALMA
=599  \\$5HdE$aWaSeSS
=599  \\$5Hdig$aSFX
=599  \\$5Hibd$aALMA
=599  \\$5JonE$aALMA
=599  \\$5Jsld$aALMA
=599  \\$5LiUd$aEBZ
=599  \\$5LnuE$aALMA
=599  \\$5Mdhd$aALMA
=599  \\$5Miun$aSFX
=599  \\$5Odig$aALMA
=599  \\$5Qdig$aALMA
=599  \\$5ThsE$aEBZ
=599  \\$5Udix$aWaSeSS
=599  \\$5Zdig$aEBZ
=648  \7$a1945-$0https://id.kb.se/term/sao/1945-$2sao
=650  \0$aEugenics in literature
=650  \4$aBiopolitics - Great Britain - History - 20th century.
=650  \4$aBiopolitics -- Great Britain -- History -- 20th century.
=650  \4$aEnglish literature - 20th century - History and criticism.
=650  \4$aEnglish literature -- 20th century -- History and criticism.
=650  \4$aEugenics - Great Britain - History - 20th century.
=650  \4$aEugenics -- Great Britain -- History -- 20th century.
=650  \4$aEugenics in literature.
=650  \4$aLiterature and society - Great Britain - History - 20th century.
=650  \4$aLiterature and society -- Great Britain -- History -- 20th century.
=650  \7$aBiopolitik$xhistoria$2sao
=650  \7$aEngelsk litteratur$xhistoria$0https://id.kb.se/term/sao/Engelsk%20litteratur--historia$2sao
=650  \7$aEugenik i litteraturen$0https://id.kb.se/term/sao/Eugenik%20i%20litteraturen$2sao
=650  \7$aEugenik$xhistoria$2sao
=655  \4$aElectronic books.
=776  08$iPrint:$aHanson, Clare$tEugenics, Literature, and Culture in Post-war Britain$d2012$z9780415806985
=830  \0$aRoutledge interdisciplinary perspectives on literature ;$v11
=856  40$5Bthd$uhttps://miman.bib.bth.se/login?url=https://ebookcentral.proquest.com/lib/bthbib-ebooks/detail.action?docID=1046984$zOnline access for BTH$zEbook Central All Subscribed Titles
=856  40$5Gdig$uhttp://ezproxy.ub.gu.se/login?url=http://GU.eblib.com/patron/FullRecord.aspx?p=1046984$zTillgänglig för Göteborgs universitet / Online access for the University of Gothenburg
=856  40$5Gdix$uhttp://sfxeu11.hosted.exlibrisgroup.com/sfxgub?url_ver=Z39.88-2004&ctx_ver=Z39.88-2004&ctx_enc=info:ofi/enc:UTF-8&rfr_id=info:sid/sfxit.com:opac_856&url_ctx_fmt=info:ofi/fmt:kev:mtx:ctx&sfx.ignore_date_threshold=1&rft.object_id=2670000000269355&svc_val_fmt=info:ofi/fmt:kev:mtx:sch_svc&$zTillgänglig för Göteborgs universitet / Online access for the University of Gothenburg$zEbook Central:Full Text
=856  40$5Hald$uhttps://hh.alma.exlibrisgroup.com/openurl/46LIBRIS_HIH_INST/46LIBRIS_HIH_INST:46LIBRIS_HIH_View?u.ignore_date_coverage=true&rft.mms_id=991000800661305936$zTillgänglig för användare inom Högskolan i Halmstad$zfulltext$zEbook Central Academic Complete
=856  40$5HdE$uhttp://www.du.se/proxy.aspx?url=https://ebookcentral.proquest.com/lib/dalarna/detail.action?docID=1046984$zOnline access for Högskolan Dalarna$zEbook Central All Subscribed Titles
=856  40$5Hdig$uhttp://link.sub.su.se/sfxsub?url_ver=Z39.88-2004&ctx_ver=Z39.88-2004&ctx_enc=info:ofi/enc:UTF-8&rfr_id=info:sid/sfxit.com:opac_856&url_ctx_fmt=info:ofi/fmt:kev:mtx:ctx&sfx.ignore_date_threshold=1&rft.object_id=2670000000269355&svc_val_fmt=info:ofi/fmt:kev:mtx:sch_svc&$zTillgänglig för användare inom Stockholms universitet$zEbook Central Academic Complete International Edition:Full Text
=856  40$5Hibd$uhttps://gslg-hb.primo.exlibrisgroup.com/openurl/46GSLG_BORAS/46GSLG_BORAS:46BORAS_V1?u.ignore_date_coverage=true&rft.mms_id=993607604503662$zTillgänglig för användare inom Högskolan i Borås$zfulltext$zEbook Central Academic Complete
=856  40$5JonE$uhttps://primo.library.ju.se/openurl/JUL/46JUL_INST:jul?u.ignore_date_coverage=true&rft.mms_id=998207223303831$zOnline access for JON$zfulltext$zEbook Central
=856  40$5Jsld$uhttps://slu.primo.exlibrisgroup.com/openurl/46SLUB_INST/46SLUB_INST:SLUB_V1?u.ignore_date_coverage=true&rft.mms_id=9919620301905121$zOnline access for SLUB$zfulltext$zEbook Central
=856  40$5LiUd$uhttps://login.e.bibl.liu.se/login?url=https://ebookcentral.proquest.com/lib/linkoping-ebooks/detail.action?docID=1046984$zExtern tillgång endast anställda och studenter vid LiU$zProQuest Ebook Central - Academic Complete
=856  40$5LnuE$uhttp://link.lnu.se/openurl?u.ignore_date_coverage=true&rft.mms_id=997095838203661$zOnline access for Linnaeus University$zfulltext$zEbook Central Academic Complete International Edition
=856  40$5Mdhd$uhttps://mdh.primo.exlibrisgroup.com/openurl/46MH_INST/46MH_INST:46MH_V1?u.ignore_date_coverage=true&rft.mms_id=991001102344403211$zTillgänglig för användare inom Mälardalens högskola$zfulltext$zEbook Central Academic Complete International Edition
=856  40$5Miun$uhttp://sfxeu11.hosted.exlibrisgroup.com/sfxmiu/?url_ver=Z39.88-2004&ctx_ver=Z39.88-2004&ctx_enc=info:ofi/enc:UTF-8&rfr_id=info:sid/sfxit.com:opac_856&url_ctx_fmt=info:ofi/fmt:kev:mtx:ctx&sfx.ignore_date_threshold=1&rft.object_id=2670000000269355&svc_val_fmt=info:ofi/fmt:kev:mtx:sch_svc&$zStudent portal login$zEbook Central Academic Complete:Full Text
=856  40$5Odig$uhttps://openurl.oru.se?u.ignore_date_coverage=true&rft.mms_id=999474214103663$zTillgänglig inom Örebro universitet och externt för studenter och anställda vid universitetet$zfulltext$zEbook Central Perpetual, DDA and Subscription Titles
=856  40$5Qdig$uhttps://search.ub.umu.se/openurl/46UMEA_INST/46UMEA_INST:UmUB?u.ignore_date_coverage=true&rft.mms_id=9921529614604996$zOnline access for UMUB$zfulltext$zEbook Central Academic Complete
=856  40$5ThsE$uhttps://ebookcentral.proquest.com/lib/[[SiteID]]/detail.action?docID=1046984$zOnline access for Enskilda Högskolan Stockholm$zProQuest Ebook Central - Academic Complete
=856  40$5Udix$uhttp://ezproxy.its.uu.se/login?url=https://ebookcentral.proquest.com/lib/uu/detail.action?docID=1046984$zTillgänglig för användare inom Uppsala universitet$zEbook Central All Subscribed Titles
=856  40$5Zdig$uhttps://ebookcentral.proquest.com/lib/chalmers/detail.action?docID=1046984$zOnline access for Chalmers$zProQuest Ebook Central - Academic Complete International

