=LDR  03845cam a22004937i 4500
=001  w7h11chmtlwb645h
=003  SE-LIBR
=005  20201127122203.0
=008  200513s2019\\\\xxka||||||||||001\0|eng|d
=020  \\$a9781913029562$qhäftad
=035  \\$a(OCoLC)on1090471287
=040  \\$aUm$beng$cYDX$dBDX$dERASA$dUKMGB$dOCLCO$dOCLCF$dYDXIT$dOCL$dZYU$dGUA$ei$erda
=041  \\$aeng
=082  04$a190$223
=084  \\$aDbc$2kssb/8 (machine generated)
=100  1\$aMoynihan, Thomas T.$4aut
=245  10$aSpinal catastrophism :$ba secret history /$cThomas Moynihan.
=264  \1$aFalmouth :$bUrbanomic Media Ltd.$c2019
=300  \\$axx, 332 pages$billustrationer$c18 cm
=336  \\$atext$btxt$2rdacontent
=337  \\$aunmediated$bn$2rdamedia
=338  \\$avolume$bnc$2rdacarrier
=490  1\$aMono ;$v007
=504  \\$aIncludes bibliographical references (pages 305-332) and indexes.
=520  8\$aThe historical continuity of spinal catastrophism, traced across multiform encounters between philosophy, psychology, biology, and geology. Drawing on cryptic intimations in the work of J. G. Ballard, Georges Bataille, William Burroughs, Andre Leroi-Gourhan, Elaine Morgan, and Friedrich Nietzsche, in the late twentieth century Daniel Barker formulated the axioms of spinal catastrophism: If human morphology, upright posture, and the possibility of language are the ramified accidents of natural history, then psychic ailments are ultimately afflictions of the spine, which itself is a scale model of biogenetic trauma, a portable map of the catastrophic events that shaped that atrocity exhibition of evolutionary traumata, the sick orthograde talking mammal. Tracing its provenance through the biological notions of phylogeny and "organic memory" that fueled early psychoanalysis, back into idealism, nature philosophy, and romanticism, and across multiform encounters between philosophy, psychology, biology, and geology, Thomas Moynihan reveals the historical continuity of spinal catastrophism. From psychoanalysis and myth to geology and neuroanatomy, from bioanalysis to chronopathy, from spinal colonies of proto-minds to the retroparasitism of the CNS, from "railway spine" to Elizabeth Taylor's lost gill-slits, this extravagantly comprehensive philosophical adventure uses the spinal cord as a guiding thread to rediscover forgotten pathways in modern thought.  Moynihan demonstrates that, far from being an fanciful notion rendered obsolete by advances in biology, spinal catastrophism dramatizes fundamental philosophical problematics of time, identity, continuity, and the transcendental that remain central to any attempt to reconcile human experience with natural history.
=599  \\$aImported from: zcat.oclc.org:210/OLUCWorldCat (Do not remove)
=650  \0$aHuman body
=650  \0$aPhilosophy
=650  \0$aSpinal cord
=650  \0$aSpine
=650  \7$aFilosofi$0https://id.kb.se/term/sao/Filosofi$2sao
=650  \7$aMänniskokroppen$0https://id.kb.se/term/sao/M%C3%A4nniskokroppen$2sao
=650  \7$aRyggmärg$0https://id.kb.se/term/sao/Ryggm%C3%A4rg$2sao
=650  \7$aRyggrad$0https://id.kb.se/term/sao/Ryggrad$2sao

