=LDR  04056cam a22005297i 4500
=001  t3ckxrnpr62z4343
=003  SE-LIBR
=005  20190109144335.0
=008  181212s2013\\\\xxua||||||||||001\0|eng|d
=020  \\$a0814252745
=020  \\$a9780814252741
=040  \\$aG$beng$cYDXCP$ei$erda
=041  \\$aeng
=082  04$a808.3$223/swe
=100  1\$aAbbott, H. Porter.$4aut
=245  10$aReal mysteries :$bnarrative and the unknowable.$cH. Porter Abbott.
=264  \1$aColumbus :$bOhio State University Press,$c[2013]
=264  \4$c©2013
=300  \\$ax, 178 pages$billustrations$c24 cm.
=336  \\$atext$btxt$2rdacontent
=337  \\$aunmediated$bn$2rdamedia
=338  \\$avolume$bnc$2rdacarrier
=490  1\$aTheory and interpretation of narrative
=500  \\$aIncludes bibliographical references and index.
=505  8\$aPart 1: Unimaginable unknowns. Apophatic narrative ; Conjuring stories -- Part 2: Inexpressible states. Sentences & worlds ; Syntactical poetics -- Part 3: Egregious gaps. Untold events ; Unreadable minds -- Conclusion. Why all this matters.
=520  \\$a"The influential and widely respected narrative theorist, H. Porter Abbott, breaks new ground in Real Mysteries: Narrative and the Unknowable. In it, he revisits the ancient theme of what we cannot know about ourselves and others. But in a sharp departure, he shifts the focus from the representation of this theme to the ways narrative can be manipulated to immerse "the willing reader" in the actual experience of unknowing. As he shows, this difficult and risky art, which was practiced so inventively by Samuel Beckett, was also practiced by other modern writers. Abbott demonstrates their surprising diversity in texts by Beckett, Gabriel García Márquez, Herman Melville, Emily Brontë, Toni Morrison, Alice Munro, J.M. Coetzee, Tim O'Brien, Kathryn Harrison, and Jeanette Winterson, together with supporting roles by J.G. Ballard, Gertrude Stein, Michael Haneke, and Pseudo-Dionysius the Areopagite. The demands of this art bear directly on key issues of narrative inquiry, including the nature and limits of reader-resistant texts, the function of permanent narrative gaps, the relation between experiencing a text and its interpretation, the fraught issue of aligning grammatical and narrative syntax, the mixed blessing of our mind-reading capability, and the ethics of reading. Despite its challenges, this book has also been written with an eye to the general reader. In accessible language, Abbott shows how narrative fiction may create spaces in which our ignorance, when it is by its nature absolute, can be not only acknowledged but felt, and why this is important." ; Publisher's description.
=599  \\$aImported from: zcat.oclc.org:210/OLUCWorldCat (Do not remove)
=650  \0$aNarration (Rhetoric)
=650  \0$aNarration (Rhetoric)
=650  \0$aNarration (Rhetoric)$0(DLC)sh 85089833
=650  \7$aBerättande$0https://id.kb.se/term/sao/Ber%C3%A4ttande$2sao
=650  \7$aBerättarteknik$0https://id.kb.se/term/sao/Ber%C3%A4ttarteknik$2sao
=650  \7$aKunskapsteori$xi litteraturen$2sao
=650  \7$aNarratologi$0https://id.kb.se/term/sao/Narratologi$2sao
=655  \7$aAnalys och tolkning$0https://id.kb.se/term/saogf/Analys%20och%20tolkning$2saogf
=830  \0$aTheory and interpretation of narrative series

