=LDR  04163cam a22005897i 4500
=001  p17x0ksrmng803dd
=003  SE-LIBR
=005  20200824101038.0
=008  200427s2020\\\\enk||||||b||||001\0|eng|\
=010  \\$a2019049200
=015  \\$aGBC036006$2bnb
=016  7\$a019737671$2Uk
=020  \\$a0262538857
=020  \\$a0854882812
=020  \\$a9780262538855$q(paperback)
=020  \\$a9780854882816
=035  \\$a(OCoLC)on1119620230
=040  \\$aKo$beng$cDLC$dOCLCO$dOCLCF$dYDX$dERASA$dUKMGB$ei$erda
=041  \\$aeng
=042  \\$apcc
=050  \0$aPN3433.6
=082  00$a809.3/8762$223
=245  10$aScience fiction /$cedited by Dan Byrne-Smith.
=264  \1$aLondon :$bWhitechapel Gallery ;$aCambridge, Massachusetts :$bThe MIT Press,$c2020
=300  \\$a238 pages$c21 cm.
=336  \\$atext$btxt$2rdacontent
=337  \\$aunmediated$bn$2rdamedia
=338  \\$avolume$bnc$2rdacarrier
=490  0\$aDocuments of contemporary art
=504  \\$aIncludes bibliographical references and index.
=520  \\$a"In the past two decades, artists, and writers have increasingly adopted the idea that science fiction can be understood as a lens through which to search for fragments of truth emerging from the past or the future, and the proliferation of science fiction in contemporary art practice and discourse reflects an increased understanding of how this narrative field continues to grow in relevance. Split into four distinct approaches, "estrangement," "futures," "posthumanism," and "ecologies," this unique collection gathers key examples of the influence of science fiction in recent cultural development: from the integration and acceleration of technological change, to global urbanization and concepts of futurity; from the boundaries of social structures and non-human life, to the threatening self-evidence of climate change. This book is the first major anthology to focus on relationships between science fiction and contemporary art, and is an essential read for all those exploring this vital genre. Artists surveyed include Denenge Akpem, Laylah Ali, Allora & Calzadilla, Pawel Althamer, Carol Bove, Lee Bul, Mark Dion, Jimmie Durham, Ellen Gallagher, Robert Gober, Eduardo Kac, Mikhail Karikis, Patrick Keiller, Karen Kilimnik, Jeff Koons, Moon Kyungwon and Jeon Joonho, Lawrence Lek, Paul McCarthy, Mariko Mori, David Musgrave, Otolith Group, Eduardo Paolozzi, Kiki Smith, Sun Ra, Suzanne Treister, Jeff Wall. Writers include Peio Aguirre, Margaret Atwood, J.G. Ballard, Tiffany E. Barber, Jean Baudrillard, Franco 'Bifo' Beradi, Rosie Braidotti, Rachel Carson, Jeffrey Deitch, Donna Haraway, Cathy Lane, Amna Malik, Tom McCarthy, Alondra Nelson, Gwyneth Shanks, Jan Tumlir, Xin Wang, Gilda Williams"--$cProvided by publisher.
=599  \\$aImported from: zcat.oclc.org:210/OLUCWorldCat (Do not remove)
=650  \0$aArt and literature.
=650  \0$aScience fiction
=650  \0$aScience fiction$xHistory and criticism.
=650  \7$aArt and literature.$2fast
=650  \7$aScience fiction$0https://id.kb.se/term/sao/Science%20fiction$2sao
=650  \7$aScience fiction.$2fast
=655  \7$aCriticism, interpretation, etc.$2fast
=700  1\$aByrne-Smith, Dan$4edt

