=LDR  05240cam a22007217i 4500
=001  0bvfzttpxf9mjgb4
=003  SE-LIBR
=005  20200810120953.0
=008  200722s2019\\\\xxua||||||||||001\0|eng|d
=020  \\$a9781622736164$qinbunden
=020  \\$a9781622737291$qhäftad
=035  \\$a(OCoLC)on1100824486
=040  \\$aG$bfre$cZWZ$dOCLCF$dOCLCO$dOCLCQ$dG$ei$erda
=041  \\$aeng
=082  04$a823.920911$223
=245  14$aThe poetics of fragmentation in contemporary British and American fiction /$cedited by Vanessa Guignery and Wojciech Dra̜g.
=264  \1$aWilmington, Delaware :$bVernon Press,$c[2019]
=264  \4$c©2019
=300  \\$axxx, 222 sidor$billustrationer$c24 cm.
=336  \\$atext$btxt$2rdacontent
=337  \\$aunmediated$bn$2rdamedia
=338  \\$avolume$bnc$2rdacarrier
=490  1\$aSeries in literary studies
=504  \\$aBibliogr. en fin de chapitres. Index.
=520  \\$aThe last decades have seen a revival of fragmentation in British and American works of fiction that deny linearity, coherence and continuity in favour of disruption, gaps and fissures. Authors such as Ali Smith, David Mitchell and David Shields have sought new ways of representing our global, media-satured contemporary experience which differ from modernist and postmodernist experimentations from which the writers nevertheless draw inspiration. This volume aims to investigate some of the most important contributions to fragmentary literature from British and American writers since the 1990s, with a particular emphasis on texts released in the twenty-first century. The chapters within examine whether contemporary forms of literary fragmentation constitute a return to the modernist episteme or the fragmented literature of exhaustion of the 1960s, mark a continuity with postmodernist aesthetics or signal a deviation from past models and an attempt to reflect today's accelerated culture of social media and over-communication. Contributors theorise and classify literary fragments, examine the relationship between fragmentation and the Zeitgeist (influenced by globalisation, media saturation and social networks), analyse the mechanics of multimodal and multimedial fictions, and consider the capacity of literary fragmentation to represent personal or collective trauma and to address ethical concerns. They also investigate the ways in which the architecture of the printed book is destabilised and how aesthetic processes involving fragmentation, bricolage and/or collage raise ontological, ethical and epistemological questions about the globalised contemporary world we live and its relation to the self and the other. Besides the aforementioned authors, the volume makes reference to the works of J.G. Ballard, Julian Barnes, Mark Z. Danielewski, David Markson, Jonathan Safran Foer, David Foster Wallace, Jeanette Winterson and several others.
=599  \\$aImported from: zcat.oclc.org:210/OLUCWorldCat (Do not remove)
=648  \7$a2000-2099$2fast
=648  \7$a2000-talet$0https://id.kb.se/term/sao/2000-talet$2sao
=650  \0$aAmerican fiction$y21st century$xHistory and criticism.
=650  \0$aEnglish fiction$y21st century$xHistory and criticism.
=650  \0$aExperimental fiction, American$xHistory and criticism.
=650  \0$aExperimental fiction, English$xHistory and criticism.
=650  \0$aUnfinished books.
=650  \7$aAmerican fiction.$2fast
=650  \7$aAmerikansk experimentell litteratur$xhistoria$2sao
=650  \7$aAmerikanska romaner$xhistoria$2sao
=650  \7$aEngelsk experimentell litteratur$xhistoria$2sao
=650  \7$aEngelska romaner$xhistoria$2sao
=650  \7$aEnglish fiction.$2fast
=650  \7$aExperimental fiction, American.$2fast
=650  \7$aExperimental fiction, English.$2fast
=650  \7$aLittérature expérimentale américaine$xHistoire et critique.$2ram
=650  \7$aLittérature expérimentale anglaise$xHistoire et critique.$2ram
=650  \7$aNouvelles américaines$xHistoire et critique$y21e siècle.$2ram
=650  \7$aNouvelles anglaises$xHistoire et critique$y21e siècle.$2ram
=650  \7$aRoman américain$xHistoire et critique$y21e siècle.$2ram
=650  \7$aRoman anglais$xHistoire et critique$y21e siècle.$2ram
=650  \7$aUnfinished books.$2fast
=655  \7$aAnalys och tolkning$0https://id.kb.se/term/saogf/Analys%20och%20tolkning$2saogf
=655  \7$aCriticism, interpretation, etc.$2fast
=700  1\$aDrąg, Wojciech,$d1984-$4edt
=700  1\$aGuignery, Vanessa,$d1972-$4edt
=830  \0$aSeries in literary studies

