=LDR  28631nam a22043693a 4500
=001  20903995
=003  SE-LIBR
=005  20170724150932.0
=007  cr\|||\\\|||||\\\\\\\\\
=008  170724|\\\\\\\\|\\|||||o|||||000\f|swe|d
=020  \\$a9789174996920
=024  7\$5Alve$a1051415$2Distributör: Elib
=024  7\$5Arlo$a1051415$2Distributör: Elib
=024  7\$5BinE$a1051415$2Distributör: Elib
=024  7\$5Biv$a1051415$2Distributör: Elib
=024  7\$5BoE$a1051415$2Distributör: Elib
=024  7\$5Dand$a1051415$2Distributör: Elib
=024  7\$5Elan$a1051415$2Distributör: Elib
=024  7\$5Elib$a1051415$2Distributör: Elib
=024  7\$5Eslo$a1051415$2Distributör: Elib
=024  7\$5Esno$a1051415$2Distributör: Elib
=024  7\$5Fab$a1051415$2Distributör: Elib
=024  7\$5Gnes$a1051415$2Distributör: Elib
=024  7\$5Gnos$a1051415$2Distributör: Elib
=024  7\$5Habo$a1051415$2Distributör: Elib
=024  7\$5Hafb$a1051415$2Distributör: Elib
=024  7\$5Hamn$a1051415$2Distributör: Elib
=024  7\$5Harj$a1051415$2Distributör: Elib
=024  7\$5Hasb$a1051415$2Distributör: Elib
=024  7\$5Helg$a1051415$2Distributör: Elib
=024  7\$5HibE$a1051415$2Distributör: Elib
=024  7\$5HsdE$a1051415$2Distributör: Elib
=024  7\$5Hudb$a1051415$2Distributör: Elib
=024  7\$5JosE$a1051415$2Distributör: Elib
=024  7\$5Kbb$a1051415$2Distributör: Elib
=024  7\$5Ld$a1051415$2Distributör: Elib
=024  7\$5Less$a1051415$2Distributör: Elib
=024  7\$5Lisb$a1051415$2Distributör: Elib
=024  7\$5Lvab$a1051415$2Distributör: Elib
=024  7\$5MoE$a1051415$2Distributör: Elib
=024  7\$5Moln$a1051415$2Distributör: Elib
=024  7\$5Munk$a1051415$2Distributör: Elib
=024  7\$5Nafd$a1051415$2Distributör: Elib
=024  7\$5Nass$a1051415$2Distributör: Elib
=024  7\$5Nykb$a1051415$2Distributör: Elib
=024  7\$5Nykv$a1051415$2Distributör: Elib
=024  7\$5Okb$a1051415$2Distributör: Elib
=024  7\$5Os$a1051415$2Distributör: Elib
=024  7\$5Oxel$a1051415$2Distributör: Elib
=024  7\$5Ronn$a1051415$2Distributör: Elib
=024  7\$5Skkf$a1051415$2Distributör: Elib
=024  7\$5Sob$a1051415$2Distributör: Elib
=024  7\$5Soll$a1051415$2Distributör: Elib
=024  7\$5Sosb$a1051415$2Distributör: Elib
=024  7\$5SsbE$a1051415$2Distributör: Elib
=024  7\$5Sten$a1051415$2Distributör: Elib
=024  7\$5Stra$a1051415$2Distributör: Elib
=024  7\$5Sund$a1051415$2Distributör: Elib
=024  7\$5Taby$a1051415$2Distributör: Elib
=024  7\$5Tanu$a1051415$2Distributör: Elib
=024  7\$5TimE$a1051415$2Distributör: Elib
=024  7\$5Tkb$a1051415$2Distributör: Elib
=024  7\$5Trel$a1051415$2Distributör: Elib
=024  7\$5Udd$a1051415$2Distributör: Elib
=024  7\$5Um$a1051415$2Distributör: Elib
=024  7\$5Vane$a1051415$2Distributör: Elib
=024  7\$5Vlib$a1051415$2Distributör: Elib
=035  \\$aElib1051415
=040  \\$ea
=041  \\$aswe
=072  \7$aFA$2bicssc
=072  \7$aFF$2bicssc
=100  1\$aChandler, Raymond$4aut
=245  10$aDen stora sömnen$h[Elektronisk resurs]
=264  \1$bModernista
=264  \1$cnnnn
=380  \\$aDeckare & spänning
=500  \\$5Alve$aOffline epub med Adobe-kryptering (2.64 MB)
=500  \\$5Alve$aOnline epub (2.64 MB)
=500  \\$5Arlo$aOffline epub med Adobe-kryptering (2.64 MB)
=500  \\$5Arlo$aOnline epub (2.64 MB)
=500  \\$5BinE$aOffline epub med Adobe-kryptering (2.64 MB)
=500  \\$5BinE$aOnline epub (2.64 MB)
=500  \\$5Biv$aOffline epub med Adobe-kryptering (2.64 MB)
=500  \\$5Biv$aOnline epub (2.64 MB)
=500  \\$5BoE$aOffline epub med Adobe-kryptering (2.64 MB)
=500  \\$5BoE$aOnline epub (2.64 MB)
=500  \\$5Dand$aOffline epub med Adobe-kryptering (2.64 MB)
=500  \\$5Dand$aOnline epub (2.64 MB)
=500  \\$5Elan$aOffline epub med Adobe-kryptering (2.64 MB)
=500  \\$5Elan$aOnline epub (2.64 MB)
=500  \\$5Eslo$aOffline epub med Adobe-kryptering (2.64 MB)
=500  \\$5Eslo$aOnline epub (2.64 MB)
=500  \\$5Esno$aOffline epub med Adobe-kryptering (2.64 MB)
=500  \\$5Esno$aOnline epub (2.64 MB)
=500  \\$5Fab$aOffline epub med Adobe-kryptering (2.64 MB)
=500  \\$5Fab$aOnline epub (2.64 MB)
=500  \\$5Gnes$aOffline epub med Adobe-kryptering (2.64 MB)
=500  \\$5Gnes$aOnline epub (2.64 MB)
=500  \\$5Gnos$aOffline epub med Adobe-kryptering (2.64 MB)
=500  \\$5Gnos$aOnline epub (2.64 MB)
=500  \\$5Habo$aOffline epub med Adobe-kryptering (2.64 MB)
=500  \\$5Habo$aOnline epub (2.64 MB)
=500  \\$5Hafb$aOffline epub med Adobe-kryptering (2.64 MB)
=500  \\$5Hafb$aOnline epub (2.64 MB)
=500  \\$5Hamn$aOffline epub med Adobe-kryptering (2.64 MB)
=500  \\$5Hamn$aOnline epub (2.64 MB)
=500  \\$5Harj$aOffline epub med Adobe-kryptering (2.64 MB)
=500  \\$5Harj$aOnline epub (2.64 MB)
=500  \\$5Hasb$aOffline epub med Adobe-kryptering (2.64 MB)
=500  \\$5Hasb$aOnline epub (2.64 MB)
=500  \\$5Helg$aOffline epub med Adobe-kryptering (2.64 MB)
=500  \\$5Helg$aOnline epub (2.64 MB)
=500  \\$5HibE$aOffline epub med Adobe-kryptering (2.64 MB)
=500  \\$5HibE$aOnline epub (2.64 MB)
=500  \\$5HsdE$aOffline epub med Adobe-kryptering (2.64 MB)
=500  \\$5HsdE$aOnline epub (2.64 MB)
=500  \\$5Hudb$aOffline epub med Adobe-kryptering (2.64 MB)
=500  \\$5Hudb$aOnline epub (2.64 MB)
=500  \\$5JosE$aOffline epub med Adobe-kryptering (2.64 MB)
=500  \\$5JosE$aOnline epub (2.64 MB)
=500  \\$5Kbb$aOffline epub med Adobe-kryptering (2.64 MB)
=500  \\$5Kbb$aOnline epub (2.64 MB)
=500  \\$5Ld$aOffline epub med Adobe-kryptering (2.64 MB)
=500  \\$5Ld$aOnline epub (2.64 MB)
=500  \\$5Less$aOffline epub med Adobe-kryptering (2.64 MB)
=500  \\$5Less$aOnline epub (2.64 MB)
=500  \\$5Lisb$aOffline epub med Adobe-kryptering (2.64 MB)
=500  \\$5Lisb$aOnline epub (2.64 MB)
=500  \\$5Lvab$aOffline epub med Adobe-kryptering (2.64 MB)
=500  \\$5Lvab$aOnline epub (2.64 MB)
=500  \\$5MoE$aOffline epub med Adobe-kryptering (2.64 MB)
=500  \\$5MoE$aOnline epub (2.64 MB)
=500  \\$5Moln$aOffline epub med Adobe-kryptering (2.64 MB)
=500  \\$5Moln$aOnline epub (2.64 MB)
=500  \\$5Munk$aOffline epub med Adobe-kryptering (2.64 MB)
=500  \\$5Munk$aOnline epub (2.64 MB)
=500  \\$5Nafd$aOffline epub med Adobe-kryptering (2.64 MB)
=500  \\$5Nafd$aOnline epub (2.64 MB)
=500  \\$5Nass$aOffline epub med Adobe-kryptering (2.64 MB)
=500  \\$5Nass$aOnline epub (2.64 MB)
=500  \\$5Nykb$aOffline epub med Adobe-kryptering (2.64 MB)
=500  \\$5Nykb$aOnline epub (2.64 MB)
=500  \\$5Nykv$aOffline epub med Adobe-kryptering (2.64 MB)
=500  \\$5Nykv$aOnline epub (2.64 MB)
=500  \\$5Okb$aOffline epub med Adobe-kryptering (2.64 MB)
=500  \\$5Okb$aOnline epub (2.64 MB)
=500  \\$5Os$aOffline epub med Adobe-kryptering (2.64 MB)
=500  \\$5Os$aOnline epub (2.64 MB)
=500  \\$5Oxel$aOffline epub med Adobe-kryptering (2.64 MB)
=500  \\$5Oxel$aOnline epub (2.64 MB)
=500  \\$5Ronn$aOffline epub med Adobe-kryptering (2.64 MB)
=500  \\$5Ronn$aOnline epub (2.64 MB)
=500  \\$5Skkf$aOffline epub med Adobe-kryptering (2.64 MB)
=500  \\$5Skkf$aOnline epub (2.64 MB)
=500  \\$5Sob$aOffline epub med Adobe-kryptering (2.64 MB)
=500  \\$5Sob$aOnline epub (2.64 MB)
=500  \\$5Soll$aOffline epub med Adobe-kryptering (2.64 MB)
=500  \\$5Soll$aOnline epub (2.64 MB)
=500  \\$5Sosb$aOffline epub med Adobe-kryptering (2.64 MB)
=500  \\$5Sosb$aOnline epub (2.64 MB)
=500  \\$5SsbE$aOffline epub med Adobe-kryptering (2.64 MB)
=500  \\$5SsbE$aOnline epub (2.64 MB)
=500  \\$5Sten$aOffline epub med Adobe-kryptering (2.64 MB)
=500  \\$5Sten$aOnline epub (2.64 MB)
=500  \\$5Stra$aOffline epub med Adobe-kryptering (2.64 MB)
=500  \\$5Stra$aOnline epub (2.64 MB)
=500  \\$5Sund$aOffline epub med Adobe-kryptering (2.64 MB)
=500  \\$5Sund$aOnline epub (2.64 MB)
=500  \\$5Taby$aOffline epub med Adobe-kryptering (2.64 MB)
=500  \\$5Taby$aOnline epub (2.64 MB)
=500  \\$5Tanu$aOffline epub med Adobe-kryptering (2.64 MB)
=500  \\$5Tanu$aOnline epub (2.64 MB)
=500  \\$5TimE$aOffline epub med Adobe-kryptering (2.64 MB)
=500  \\$5TimE$aOnline epub (2.64 MB)
=500  \\$5Tkb$aOffline epub med Adobe-kryptering (2.64 MB)
=500  \\$5Tkb$aOnline epub (2.64 MB)
=500  \\$5Trel$aOffline epub med Adobe-kryptering (2.64 MB)
=500  \\$5Trel$aOnline epub (2.64 MB)
=500  \\$5Udd$aOffline epub med Adobe-kryptering (2.64 MB)
=500  \\$5Udd$aOnline epub (2.64 MB)
=500  \\$5Um$aOffline epub med Adobe-kryptering (2.64 MB)
=500  \\$5Um$aOnline epub (2.64 MB)
=500  \\$5Vane$aOffline epub med Adobe-kryptering (2.64 MB)
=500  \\$5Vane$aOnline epub (2.64 MB)
=500  \\$5Vlib$aOffline epub med Adobe-kryptering (2.64 MB)
=500  \\$5Vlib$aOnline epub (2.64 MB)
=520  \\$a»Med debutromanen Den stora sömnen lyckades Raymond Chandler ge nytt liv åt en hel genre. En milstolpe i deckarens historia.« | Magnus Röhl, Svenska Dagbladet »Oj, vad detta håller. Språket, stämningen, skärpan.« | Jan Gradvall, DI »En författare med en ovanlig, och kanske ofrivillig, förmåga att fånga det moderna samhällets alla paradoxer.« | Mattias Hagberg, Göterborgs-Posten Privatspanaren Philip Marlowe får i uppdrag att ta hand om ett utpressningsforsok mot den åldrande gene­ralen Sternwood, som tillbringar sina sista dagar rullstols­bunden i sitt palatsliknande hem i Los Angeles. Samtidigt är Sternwoods svärson Rusty spårlöst försvunnen. Ett rutinjobb - om det inte vore för Sternwoods vilda dotter Carmen, vars lek med elden snart leder till död. I genombrottsromanen från 1939 spränger Raymond Chandler alla gränser för vad en hårdkokt deckare kan vara; en berättelse om livet i lagens utkanter, ett liv kan­tat av korruption och misstänksamhet, något som skulle komma att påverka generationer av kommande spänningsförfattare. Den stora sömnen är en definitiv klassiker och har rös­tats fram som en av 1900­-talets främsta romaner alla kategorier av såväl franska Le Monde som brittiska The Guardian. RAYMOND CHANDLER [1888­-1959] är den ameri­kanska deckartraditionens verklige gigant, beundrad av litterära ikoner som Ian Flemming, Evelyn Waugh, J.G. Ballard och Haruki Murakami. Flera av hans romaner har filmatiserats och blivit odödliga klassiker på egen hand. Den stora sömnen och Mord, min älskling inleder Modernistas satsning på en nyutgivning av Raymond Chandlers klassiska böcker om Philip Marlowe. »Raymond Chandler var först och störst bland de hårdkokta amerikanerna. Han kan som ytterst få frammana en hel miljö i bara ett par kortfattade meningar.« | Lotta Olsson, DN, väljer Den stora sömnen till en av de 100 bästa deckarna genom tiderna »Raymond Chandler är mästaren.« | The New York Times »Han uppfann ett nytt sätt att tala om Amerika, och Amerika har aldrig varit sig likt sedan dess.« | Paul Auster [Elib]
=599  \\$aÄndrad av Elib 2017-07-24
=700  1\$aEdlund, Mårten$4trl
=700  1\$aSundh, Lars$4oth
=856  42$5Hamn$uhttp://norrabohuslan.elib.se/Books/Details/1051415$xorigin:Elib$zLåna från ditt bibliotek. Lånekort krävs.
=856  42$5HibE$uhttp://hb.elib.se/Books/Details/1051415$xorigin:Elib$zLåna från ditt bibliotek. Lånekort krävs.
=856  42$5MoE$uhttp://malmo.elib.se/Books/Details/1051415$xorigin:Elib$zLåna från ditt bibliotek. Lånekort krävs.
=856  42$5Munk$uhttp://norrabohuslan.elib.se/Books/Details/1051415$xorigin:Elib$zLåna från ditt bibliotek. Lånekort krävs.
=856  42$5Skkf$uhttp://norrabohuslan.elib.se/Books/Details/1051415$xorigin:Elib$zLåna från ditt bibliotek. Lånekort krävs.
=856  42$5Tanu$uhttp://norrabohuslan.elib.se/Books/Details/1051415$xorigin:Elib$zLåna från ditt bibliotek. Lånekort krävs.
=856  42$uhttps://images.elib.se/cover/1051415/1051415_201707241204.jpg$xdigipic$zOmslagsbild

