=LDR  13153cam a22017897i 4500
=001  jsccdkllgr9qkxcr
=003  SE-LIBR
=005  20190325085034.0
=008  190227t20182018enk|||||||||||000\0|eng|d
=020  \\$a191224828X$q(pbk.)
=020  \\$a9781912248285$q(pbk.)
=040  \\$aGbg$beng$cYDX$ei$erda
=041  \\$aeng
=050  \4$aPR6106.I75
=050  \4$aPR6106.I845
=082  04$a824/.92$223
=084  \\$aBfk$2kssb/8
=084  \\$aIj:oa$2kssb/8
=084  \\$aOabkba-e$2kssb/8
=084  \\$aOcgc$2kssb/8
=100  1\$aFisher, Mark,$d1968-2017$4aut
=245  10$aK-punk :$bthe collected and unpublished writings of Mark Fisher (2004-2016) /$cedited by Darren Ambrose ; foreword by Simon Reynolds.
=264  \1$aLondon, UK :$bRepeater,$c2018
=264  \4$c©2018
=300  \\$a817 sidor$c24 cm
=336  \\$atext$btxt$2rdacontent
=337  \\$aunmediated$bn$2rdamedia
=338  \\$avolume$bnc$2rdacarrier
=504  \\$aIncludes bibliographical references (pages 773-814).
=505  8\$aForeword / Simon Reynolds -- Editor's introduction / Darren Ambrose -- Why K?
=505  8\$aPart five: We have to invent the future: interviews (They can be different in the future too: interviewed by Rowan Wilson for Ready, steady book (2010) ; Capitalism realism: : interviewed by for Richard Capes (2011) ; Preoccupying: : interviewed by the Occupied Times (2012) ; We need a post-capitalist vision: : interviewed by AntiCapitalist Initiative (2012) ; "We have to invent the future" an unseen interview with Mark Fisher (2012) ; Hauntology, nostalgia and lost futures : interviewed by Valerio Mannucci and Valerio Mattioli for Nero (2014))
=505  8\$aPart four: For now, our desire is nameless: political writings (Don't vote, don't encourage them ; October 6, 1979: capitalism and bipolar disorder ; What if they had a protest and everyone came ; Defeating the Hydra ; The face of terrorism without a face ; Conspicuous force and verminisation ; My card, my life: comments on the AMEX Red campaign ; The great Bullingdon Club swindle ; The privatisation of stress ; Kettle logic ; Winter of discontent 2.0: notes on a month of militancy ; Football / capitalist realism / Utopia ; The game has changed ; Reality management ; UK tabloid ; The future is still ours: autonomy and post-capitalism ; Aesthetic poverty ; The only certainties are death and capital ; Why mental health is a political issue ; The London hunger games ; Time-wars: towards an alternative for the neo-capitalist era ; Not failing better, but fighting to win ; The happiness of Margaret Thatcher ; Suffering with a smile ; How to kill a zombie: strategising the end of neoliberalism ; Getting away with murder ; No one is bored, everything is boring ; A time for shadows ; Limbo is over ; Communist realism ; Pain now ; Abandon hope (Summer is coming) ; For now, our desire is nameless ; Anti-therapy ; Democracy is joy ; Cybergothic vs. steampunk ; Mannequin challenge)
=505  8\$aPart one: Methods of dreaming: books (Book meme ; Space, time, light, all the essentials: reflections on J.G. Ballard season (BBC 4) ; Why I want to fuck Ronald Reagan ; A fairground's pastoral swings ; What are the politics of boredom?: (Ballard 2003 Remix) ; Let me be your fantasy ; Fantasy kits: Steven Meisel's "State of emergency" ; The assassination of J. G. Ballard ; A world of dread and fear ; Ripley's glam ; Methods of dreaming ; Atwood's anti-capitalism ; Toy stories: puppets, dolls and horror stories ; Zer0 Books statement)
=505  8\$aPart six: We are not here to entertain you: reflections (One year later ... ; Spinoza, k-punk, Neuropunk ; Why Dissensus? ; New comments policy ; Comments policy (latest) ; Chronic demotivation ; How to keep Oedipus alive in cyberspace ; We dogmatists ; London litened ; No future 2012 ; Ridicule is nothing to be scared of (Slight return) ; Breakthrough in Grey lair ; Real abstractions: the application of theory in the modern world ; No I've never had a job ... ; Fear and misery in neoliberal Britain ; Exiting the vampire castle ; Good for nothing)
=505  8\$aPart three: Choose your weapons: writing on music (The by now traditional Glasto rant ; Art pop, no, really ; k-punk, or the glampunk art pop discontinuum ; Noise as anti-capital: As the veneer of democracy starts to fade ; Lions after slumber, or what is sublimation today? ; The outside of everything now ; For your unpleasure: the hauter-couture of Goth ; It doesn't matter if we all die: the Cure's unholy trinity ; Look at the light ; Is pop undead? ; Memorex for the kraken: the Fall's pulp modernism ; Scritti's sweet sickness ; Postmodernism as pathology: Part 2 ; Choose your weapons ; Variations on a theme ; Running on empty ; You remind me of gold: dialogue with Mark Fisher and Simon Reynolds ; Militant tendencies feed music ; Autonomy in the UK ; The secret sadness of the twenty-first century: James Blake's Overgrown ; Review: David Bowie's The next day ; The man who has everything: Drake's Nothing was the same ; Break it down: DJ Rashad's Double cup ; Start your nonsense! on eMMplekz and Dolly Dolly ; Review: Sleaford Mods' Divide and exit and Clubbed up: The singles collection ; Test Dept: where leftist idealism and popular modernism collide ; No romance without finance)
=505  8\$aPart two: Screens, dreams and spectres: film and television (A spoonful of sugar ; She's not my mother ; Stand up, Nigel Barton ; Portmeiron: an ideal for living ; Golgothic materialism ; This movie doesn't move me ; Fear and misery in the Third Reich 'n' Roll ; We want it all ; Gothic Oedipus: subjectivity and capitalism in Christiopher Nolan's Batman begins ; When we dream, do we dream we're Joey? ; Notes on Cronenberg's eXistenZ ; I filmed it so I didn't have to remember it myself ; Spectres of marker and the reality of the Third Way ; Dis-identity politics ; "You have always been the caretaker": the spectral spaces of the Overlook Hotel ; Coffee bars and internment camps ; Rebel without a cause ; Robot historian in the ruins ; Review of Tyson ; "They killed their mother"; Avatar as ideological symbol ; Precarity and paternalism ; Return of the gift: Richard Kelly's The box ; Contributing to society ; 'Just relax and enjoy it": Gewarfenheit on the BBC ; Star Wars was a sell-out from the start ; Gilliam Wearing: Self made ; Batman's political right turn ; Remember who the enemy is ; Beyond good and evil: Breaking bad ; Classless broadcasting: Benefits Street ; Rooting for the enemy: The Americans ; How to let go: The leftovers, Broadchurch and The missing ; The strange death of British satire ; Review: Terminator Genisys ; The house that fame built: Celebrity Big Brother ; Sympathy for the androids: the twisted morality of Westworld)
=599  \\$aImported from: zcat.oclc.org:210/OLUCWorldCat (Do not remove)
=650  \0$aCulture ¡ Philosophy
=650  \0$aEssay
=650  \0$aEssays
=650  \0$aNeoliberalism
=650  \0$aPhilosophy
=650  \0$aPhilosophy, Modern$y21st century.
=650  \0$aPunk culture
=650  \7$aEssäer$0https://id.kb.se/term/sao/Ess%C3%A4er$2sao
=650  \7$aFilosofi$0https://id.kb.se/term/sao/Filosofi$2sao
=650  \7$aKulturteori$0https://id.kb.se/term/sao/Kulturteori$2sao
=650  \7$aMusik och samhälle$0https://id.kb.se/term/sao/Musik%20och%20samh%C3%A4lle$2sao
=650  \7$aNyliberalism$0https://id.kb.se/term/sao/Nyliberalism$2sao
=650  \7$aPopkultur$0https://id.kb.se/term/sao/Popkultur$2sao
=650  \7$aPunkare$0https://id.kb.se/term/sao/Punkare$2sao
=650  \7$aUngdomskultur$0https://id.kb.se/term/sao/Ungdomskultur$2sao
=651  \7$aStorbritannien$0https://id.kb.se/term/sao/Storbritannien$2sao
=700  1\$aAmbrose, Darren$4edt
=700  1\$aReynolds, Simon,$d1963-$4ctb

