=LDR  18577cam a22025573a 4500
=001  16259978
=003  SE-LIBR
=005  20160906183610.0
=007  cr\|||\\\|||||\\\\\\\\\
=008  140329s2014\\\\sw\|||||o|||||000\f|eng|d
=020  \\$a9789176051313
=024  7\$5Arlo$a1018806$2Distributör: Elib
=024  7\$5Biv$a1018806$2Distributör: Elib
=024  7\$5BoE$a1018806$2Distributör: Elib
=024  7\$5Dand$a1018806$2Distributör: Elib
=024  7\$5Elan$a1018806$2Distributör: Elib
=024  7\$5Elib$a1018806$2Distributör: Elib
=024  7\$5Esno$a1018806$2Distributör: Elib
=024  7\$5Fab$a1018806$2Distributör: Elib
=024  7\$5Gnos$a1018806$2Distributör: Elib
=024  7\$5Hasb$a1018806$2Distributör: Elib
=024  7\$5Helg$a1018806$2Distributör: Elib
=024  7\$5HibE$a1018806$2Distributör: Elib
=024  7\$5Kbb$a1018806$2Distributör: Elib
=024  7\$5Kssb$a1018806$2Distributör: Elib
=024  7\$5Ld$a1018806$2Distributör: Elib
=024  7\$5Less$a1018806$2Distributör: Elib
=024  7\$5Lvab$a1018806$2Distributör: Elib
=024  7\$5MoE$a1018806$2Distributör: Elib
=024  7\$5Nass$a1018806$2Distributör: Elib
=024  7\$5Norr$a1018806$2Distributör: Elib
=024  7\$5Nykb$a1018806$2Distributör: Elib
=024  7\$5Nykv$a1018806$2Distributör: Elib
=024  7\$5Okb$a1018806$2Distributör: Elib
=024  7\$5Ronn$a1018806$2Distributör: Elib
=024  7\$5Sob$a1018806$2Distributör: Elib
=024  7\$5Soll$a1018806$2Distributör: Elib
=024  7\$5Sosb$a1018806$2Distributör: Elib
=024  7\$5Sten$a1018806$2Distributör: Elib
=024  7\$5Sund$a1018806$2Distributör: Elib
=024  7\$5TimE$a1018806$2Distributör: Elib
=024  7\$5Udd$a1018806$2Distributör: Elib
=024  7\$5Um$a1018806$2Distributör: Elib
=035  \\$aElib1018806
=040  \\$ea
=041  \\$aeng
=072  \7$aFA$2bicssc
=100  1\$aConrad, Joseph$4aut
=245  10$aHeart of Darkness$h[Elektronisk resurs]
=264  \1$bAnncona Media,$c2014
=380  \\$aEngelskspråkiga
=380  \\$aRomaner$2saogf
=500  \\$5Arlo$aOffline epub med Adobe-kryptering (0.37 MB)
=500  \\$5Arlo$aOnline epub (0.37 MB)
=500  \\$5Biv$aOffline epub med Adobe-kryptering (0.37 MB)
=500  \\$5Biv$aOnline epub (0.37 MB)
=500  \\$5BoE$aOffline epub med Adobe-kryptering (0.37 MB)
=500  \\$5BoE$aOnline epub (0.37 MB)
=500  \\$5Dand$aOffline epub med Adobe-kryptering (0.37 MB)
=500  \\$5Dand$aOnline epub (0.37 MB)
=500  \\$5Elan$aOffline epub med Adobe-kryptering (0.37 MB)
=500  \\$5Elan$aOnline epub (0.37 MB)
=500  \\$5Esno$aOffline epub med Adobe-kryptering (0.37 MB)
=500  \\$5Esno$aOnline epub (0.37 MB)
=500  \\$5Fab$aOffline epub med Adobe-kryptering (0.37 MB)
=500  \\$5Fab$aOnline epub (0.37 MB)
=500  \\$5Gnos$aOffline epub med Adobe-kryptering (0.37 MB)
=500  \\$5Gnos$aOnline epub (0.37 MB)
=500  \\$5Hasb$aOffline epub med Adobe-kryptering (0.37 MB)
=500  \\$5Hasb$aOnline epub (0.37 MB)
=500  \\$5Helg$aOffline epub med Adobe-kryptering (0.37 MB)
=500  \\$5Helg$aOnline epub (0.37 MB)
=500  \\$5HibE$aOffline epub med Adobe-kryptering (0.37 MB)
=500  \\$5HibE$aOnline epub (0.37 MB)
=500  \\$5Kbb$aOffline epub med Adobe-kryptering (0.37 MB)
=500  \\$5Kbb$aOnline epub (0.37 MB)
=500  \\$5Kssb$aOffline epub med Adobe-kryptering (0.37 MB)
=500  \\$5Kssb$aOnline epub (0.37 MB)
=500  \\$5Ld$aOffline epub med Adobe-kryptering (0.37 MB)
=500  \\$5Ld$aOnline epub (0.37 MB)
=500  \\$5Less$aOffline epub med Adobe-kryptering (0.37 MB)
=500  \\$5Less$aOnline epub (0.37 MB)
=500  \\$5Lvab$aOffline epub med Adobe-kryptering (0.37 MB)
=500  \\$5Lvab$aOnline epub (0.37 MB)
=500  \\$5MoE$aOffline epub med Adobe-kryptering (0.37 MB)
=500  \\$5MoE$aOnline epub (0.37 MB)
=500  \\$5Nass$aOffline epub med Adobe-kryptering (0.37 MB)
=500  \\$5Nass$aOnline epub (0.37 MB)
=500  \\$5Norr$aOffline epub med Adobe-kryptering (0.37 MB)
=500  \\$5Norr$aOnline epub (0.37 MB)
=500  \\$5Nykb$aOffline epub med Adobe-kryptering (0.37 MB)
=500  \\$5Nykb$aOnline epub (0.37 MB)
=500  \\$5Nykv$aOffline epub med Adobe-kryptering (0.37 MB)
=500  \\$5Nykv$aOnline epub (0.37 MB)
=500  \\$5Okb$aOffline epub med Adobe-kryptering (0.37 MB)
=500  \\$5Okb$aOnline epub (0.37 MB)
=500  \\$5Ronn$aOffline epub med Adobe-kryptering (0.37 MB)
=500  \\$5Ronn$aOnline epub (0.37 MB)
=500  \\$5Sob$aOffline epub med Adobe-kryptering (0.37 MB)
=500  \\$5Sob$aOnline epub (0.37 MB)
=500  \\$5Soll$aOffline epub med Adobe-kryptering (0.37 MB)
=500  \\$5Soll$aOnline epub (0.37 MB)
=500  \\$5Sosb$aOffline epub med Adobe-kryptering (0.37 MB)
=500  \\$5Sosb$aOnline epub (0.37 MB)
=500  \\$5Sten$aOffline epub med Adobe-kryptering (0.37 MB)
=500  \\$5Sten$aOnline epub (0.37 MB)
=500  \\$5Sund$aOffline epub med Adobe-kryptering (0.37 MB)
=500  \\$5Sund$aOnline epub (0.37 MB)
=500  \\$5TimE$aOffline epub med Adobe-kryptering (0.37 MB)
=500  \\$5TimE$aOnline epub (0.37 MB)
=500  \\$5Udd$aOffline epub med Adobe-kryptering (0.37 MB)
=500  \\$5Udd$aOnline epub (0.37 MB)
=500  \\$5Um$aOffline epub med Adobe-kryptering (0.37 MB)
=500  \\$5Um$aOnline epub (0.37 MB)
=520  \\$aHeart of Darkness (1899) is a short novel by Polish novelist Joseph Conrad, written as a frame narrative, about Charles Marlow's life as an ivory transporter down the Congo River in Central Africa. The river is "a mighty big river, that you could see on the map, resembling an immense snake uncoiled, with its head in the sea, its body at rest curving afar over a vast country, and its tail lost in the depths of the land." In the course of his travel in central Africa, Marlow becomes obsessed with Mr. Kurtz.Heart of Darkness exposes the dark side of European colonization while exploring the three levels of darkness that the protagonist, Marlow, encounters: the darkness of the Congo wilderness, the darkness of the Europeans' cruel treatment of the African natives, and the unfathomable darkness within every human being for committing heinous acts of evil. The story is a complex exploration of the attitudes people hold on what constitutes a barbarian versus a civilized society and the attitudes on colonialism and racism that were part and parcel of European imperialism. The novella Heart of Darkness has been variously published and translated into many languages. In 1998, the Modern Library ranked Heart of Darkness as the sixty-seventh of the hundred best novels in English of the twentieth century.Joseph Conrad has acknowledged that Heart of Darkness is in part based on his own experiences during his travels in Africa. At the age of 31, he was appointed by a Belgian trading company to serve as the captain of a steamer on the Congo River in 1890. Conrad, who was born in Poland and later settled in England, had eagerly anticipated the voyage, having decided to become a sailor at an early age. While sailing up the Congo river from one station to another, the captain became ill, and Conrad assumed command of the boat and guided the ship to the trading company's innermost station. He reportedly became disillusioned with Imperialism after witnessing the cruelty and corruption perpetrated by the European companies in the area, and the novella's main narrator, Charlie Marlow, is believed to have been based upon him.Joseph Conrad (1857-1924) was a Polish author who wrote in English after settling in England. He was granted British nationality in 1886, but always considered himself a Pole.Conrad is regarded as one of the greatest novelists in English, although he did not speak the language fluently until he was in his twenties (and always with a marked accent). He wrote stories and novels, often with a nautical setting, that depict trials of the human spirit in the midst of an indifferent universe. He was a master prose stylist, who brought a distinctly non-English tragic sensibility into English literature.While some of his works have a strain of romanticism, he is viewed as a precursor of modernist literature. His narrative style and anti-heroic characters have influenced many authors, including D. H. Lawrence, F. Scott Fitzgerald, William Faulkner, Ernest Hemingway, George Orwell, Graham Greene, Malcolm Lowry, William Golding, William S. Burroughs, Joseph Heller, Italo Calvino, Gabriel García Márquez, J. G. Ballard, John le Carré, V.S. Naipaul, Hunter S. Thompson, J.M. Coetzee and Salman Rushdie.Films have been adapted from or inspired by Conrad's Almayer's Folly, An Outcast of the Islands, Heart of Darkness, Lord Jim, Nostromo, The Secret Agent, The Duel, Victory, The Shadow Line, and The Rover. [Elib]
=599  \\$aÄndrad av Elib 2014-03-24
=856  42$5HibE$uhttp://hb.elib.se/Books/Details/1018806$xorigin:Elib$zLåna från ditt bibliotek. Lånekort krävs.
=856  42$5MoE$uhttp://malmo.elib.se/Books/Details/1018806$xorigin:Elib$zLåna från ditt bibliotek. Lånekort krävs.
=856  42$uhttps://images.elib.se/cover/1018806/1018806.jpg$xdigipic$zOmslagsbild

