=LDR  02813cam a22005178a 4500
=001  9510423
=003  SE-LIBR
=005  20181030230000.0
=008  040526s2005\\\\xxu||||||b||||001\0|eng|c
=010  \\$a2004011715
=020  \\$a0415345626$qcloth : alk. paper
=020  \\$a0415345634$qpbk. : alk. paper
=035  \\$5Odig$a(ALMA)999354079403663
=035  \\$a(DLC)  2004011715
=040  \\$aDLC$cDLC$dG$ea
=041  \\$aeng
=050  \0$aPN49
=082  00$a801/.3$222
=084  \\$aG:df$2kssb/7
=100  1\$aTighe, Carl,$d1950-$4aut
=245  10$aWriting and responsibility /$cCarl Tighe.
=264  \1$aNew York :$bRoutledge,$c2005
=300  \\$a165 s.
=504  \\$aIncludes bibliographical references and index.
=505  8\$aIntroduction -- Tradition -- Power -- Accuracy -- Kitsch -- Censorship -- Political correctness -- New kinds of sex: J.G. Ballard, crash -- Sex, satire, and sadism: Bret Easton Ellis, American psycho -- Faking a life: Binjamin Wilkomirski, Fragments -- Between Poland and Germany: Gunter Grass, The tin drum -- African reality: Wole Soyinka, 'The writer in a modern African state' -- Witches of Croatia: Dubravka Ugresic, The culture of lies.
=599  \\$5Odig$aALMA
=650  \0$aLiterature and morals.
=650  \0$aLiterature, Modern$y20th century$xHistory and criticism.
=856  40$5Odig$uhttps://openurl.oru.se?u.ignore_date_coverage=true&rft.mms_id=999354079403663$zTillgänglig inom Örebro universitet och externt för studenter och anställda vid universitetet$zfulltext$zEbook Central Perpetual, DDA and Subscription Titles

