=LDR  04198cam a22003853u 4500
=001  13410333
=003  SE-LIBR
=005  20130211105702.0
=006  m\\\\\\\\d\\\\\\\\
=007  cr\-n---------
=008  120510s2011||||at\\\\\\s|||||||||||eng|d
=020  \\$a978-1-74269-379-8$c35.988 (NL)
=020  \\$z978-1-74237-739-1 (print)
=035  \\$a(AU-PeEL)EBL864988
=035  \\$a(OCoLC)779141510
=040  \\$aAU-PeEL$beng$cAU-PeEL$dAU-PeEL$dUdig$9EBL_PDA
=050  \4$aPN4874.H52 .H889 2011
=082  00$a814.54
=100  1\$aHitchens, Christopher,$d1949-2011$0308918
=245  10$aArguably$h[Elektronisk resurs].
=260  \\$aSydney :$bAllen & Unwin,$c2011.
=300  \\$a1 online resource (809 p.)
=500  \\$aDescription based upon print version of record.
=505  0\$aTitle page; Contents; Introduction; I. ALL AMERICAN; Gods of Our Fathers: The United States of Enlightenment; The Private Jefferson; Jefferson Versus the Muslim Pirates; Benjamin Franklin: Free and Easy; John Brown: The Man Who Ended Slavery; Abraham Lincoln: Misery's Child; Mark Twain: American Radical; Upton Sinclair: A Capitalist Primer; JFK: In Sickness and by Stealth; Saul Bellow: The Great Assimilator; Vladimir Nabokov: Hurricane Lolita; John Updike, Part One: No Way; John Updike, Part Two: Mr. Geniality; Vidal Loco; America the Banana Republic; An Anglosphere Future; Political Animals
=505  8\$aHoliday in IraqTunisia: At the Desert's Edge; What Happened to the Suicide Bombers of Jerusalem?; Childhood's End: An African Nightmare; The Vietnam Syndrome; Once Upon a Time in Germany; Worse Than Nineteen Eighty-four; North Korea: A Nation of Racist Dwarves; The Eighteenth Brumaire of the Castro Dynasty; Hugo Boss; Is the Euro Doomed?; Overstating Jewish Power; The Case for Humanitarian Intervention; V. LEGACIES OF TOTALITARIANISM; Victor Serge: Pictures from an Inquisition; Andre Malraux: One Man's Fate; Arthur Koestler: The Zealot; Isabel Allende: Chile Redux; The Persian Version
=505  8\$aMartin Amis: Lightness at Midnight
=505  8\$aOld Enough to DieIn Defense of Foxhole Atheists; In Search of the Washington Novel; II. ECLECTIC AFFINITIES; Isaac Newton: Flaws of Gravity; The Men Who Made England: Hilary Mantel's Wolf Hall; Edmund Burke: Reactionary Prophet; Samuel Johnson: Demons and Dictionaries; Gustav Flaubert: I'm with Stupide; The Dark Side of Dickens; Marx's Journalism: The Grub Street Years; Rebecca West: Things Worth Fighting For; Ezra Pound: A Revolutionary Simpleton; On Animal Farm; Jessica Mitford's Poison Pen; W. Womerset Maugham: Poor Old Willie; Evelyn Waugh: The Permanent Adolescent
=505  8\$aP. G. Wodehouse: The Honorable SchoolboyAnthony Powell: An Omnivorous Curiosity; John Buchan: Spy Thriller's Father; Graham Greene: I'll Be Damned; Death from a Salesman: Graham Greene's Bottled Ontology; Loving Philip Larkin; Stephen Spender: A Nice Bloody Fool; Edward Upward: The Captive Mind; C. L. R. James: Mid Off, Not Right On; J. G. Ballard: The Catastrophist; Fraser's Flashman: Scoundrel Time; Fleet Street's Finest: From Waugh to Frayn; Saki: Where the Wild Things Are; Harry Potter: The Boy Who Lived; III. AMUSEMENTS, ANNOYANCES, AND DISAPPOINTMENTS; Why Women Aren't Funny
=505  8\$aStieg Larsson: The Author Who Played with FireAs American as Apple Pie; So Many Men's Rooms, So Little Time; The New Commandments; In Your Face; Wine Drinkers of the World, Unite; Charles, Prince of Piffle; IV. OFFSHORE ACCOUNTS; Afghanistan's Dangerous Bet; First, Silence the Whistle-Blower; Believe Me, It's Torture; Iran's Waiting Game; Long Live Democratic Seismology; Benazir Bhutto: Daughter of Destiny; From Abbottabad to Worse; The Perils of Partition; Algeria: A French Quarrel; The Case of Orientalism; Edward Said: Where the Twain Should Have Met; The Swastika and the Cedar
=520  \\$aA collection of the most important and controversial writings from the unapologetically provocative yet universally admired Christopher Hitchens.
=650  \4$aEssays -- 20th century.
=650  \4$aEssays -- 21st century.
=650  \4$aEssays.
=655  \0$aElectronic books.
=776  08$iPrint:$aHitchens, Christopher$tArguably$d2011$z9781742377391

