=LDR  02857cam a2200481 i 4500
=001  w9xsv1nztwphbhrd
=003  SE-LIBR
=005  20210517193155.0
=008  210517s2021\\\\nyu|||||||||||000\j|eng|\
=020  \\$a1841596299
=020  \\$a9781841596297$q(hardcover ;$qUK)
=035  \\$a(OCoLC)on1162746266
=040  \\$aGbg$beng$cDLC$dOCLCO$dOCLCF$dNYP$dOCLCO$ei$erda
=041  \\$aeng
=042  \\$apcc
=050  \0$aPR1309.D57
=082  00$a823.008/03561$223
=245  14$aThe best medicine :$bstories of healing /$cedited by Theodore Dalrymple.
=263  \\$a2103
=264  \1$aNew York :$bAlfred A. Knopf,$c2021
=300  \\$a501 pages$c19 cm
=336  \\$atext$btxt$2rdacontent
=337  \\$aunmediated$bn$2rdamedia
=338  \\$avolume$bnc$2rdacarrier
=490  1\$aEveryman's pocket classics
=505  8\$aThe doctor's experience. A doctor's visit / Anton Chekhov -- The forger / Samuel Warren -- The hard and the human / Elizabeth Berridge -- Sweethearts / Arthur Conan Doyle -- The embroidered towel / Mikhail Bulgakov -- The body-snatcher / Robert Louis Stevenson -- Minus one / J.G. Ballard -- Interpreter of maladies / Jhumpa Lahiri -- Consultations. Back to back / W.W. Jacobs -- A coup d'état / Guy de Maupassant -- Doctor Crombie / Graham Greene -- Airing a grievance / Anna Kavan -- Lord Mountdrago / W. Somerset Maugham -- I had to go sick / Julian Maclaren-Ross -- People like that are the only people here : canonical babbling in Peed Onk / Lorrie Moore / Dealing with illness. 'Swept and garnished' / Rudyard Kipling -- Let me feel your pulse -- O. Henry -- The paid nurse / William Carlos Williams -- Amy Foster / Joseph Conrad -- Lady with a lamp / Dorothy Parker -- Life-line / Robert A. Heinlein -- I will keep her company / Rhys Davies -- The moons of Jupiter / Alice Munro.
=520  \\$a"An anthology of short stories about physical and psychological illness, healing, and healers--featuring an array of classic and contemporary writers, from Anton Chekhov to Lorrie Moore"--$cProvided by publisher.
=599  \\$aImported from: zcat.oclc.org:210/OLUCWorldCat (Do not remove)
=650  \0$aDiseases$vFiction.
=650  \0$aHealing$vFiction.
=650  \0$aShort stories, American.
=650  \0$aShort stories, English.
=650  \7$aDiseases.$2fast
=650  \7$aHealing.$2fast
=650  \7$aShort stories, American.$2fast
=650  \7$aShort stories, English.$2fast
=655  \7$aFiction.$2fast
=700  1\$aDalrymple, Theodore$4edt
=830  \0$aEveryman's pocket classics

