=LDR  11566cam a22014653a 4500
=001  12310391
=003  SE-LIBR
=005  20160216100633.0
=006  m\\\\\o\\d\|\\\\\\
=007  cr\|||\\\|||||\\\\\\\\\
=008  110927s2005\\\\mau|||||ob||||001\0|eng|d
=020  \\$a9780470997055
=020  \\$z9781405112185 (Print)
=024  7\$a10.1002/9780470997055$2doi
=035  \\$5Hald$a(ALMA)991000796186705936
=035  \\$5Hibd$a(ALMA)993552736203662
=035  \\$5JonE$a(ALMA)998221460303831
=035  \\$5Jsld$a(ALMA)9919278773505121
=035  \\$5Ldix$a(EBZ)ebs429586e
=035  \\$5LiUd$a(EBZ)ebs429586e
=035  \\$5LnuE$a(ALMA)997052936403661
=035  \\$5Mdhd$a(ALMA)991001058944503211
=035  \\$5Odig$a(ALMA)999428808403663
=035  \\$5Qdig$a(ALMA)9921417679104996
=035  \\$5Tdig$a(ALMA)99447877702456
=035  \\$5ThsE$a(EBZ)ebs429586e
=035  \\$5Zdig$a(EBZ)ebs429586e
=035  \\$a(OCoLC)184983699$z(OCoLC)299695568
=037  \\$a10.1002/9780470997055$bWiley InterScience$nhttp://www3.interscience.wiley.com
=040  \\$aDG1$beng$cDG1$dYDXCP$dBTCTA$dOCLCQ$dDG1$dOCLCQ$ea
=041  \\$aeng
=050  \4$aPN3433.5
=082  04$a809.3/8762$222
=245  12$aA companion to science fiction$h[Elektronisk resurs] /$cedited by David Seed.
=264  \1$aMalden, MA :$bBlackwell Pub.$c2005
=300  \\$axvi, 612 p.$c26 cm.
=490  1\$aBlackwell companions to literature and culture ;$v34
=504  \\$aIncludes bibliographical references and index.
=505  8\$aIntroduction : approaching science fiction -- pt. I. Surveying the field. -- Hard reading : the challenges of science fiction / Tom Shippey -- The origins of science fiction / George Slusser -- Science fiction/criticism / Istvan Csicsery-Ronay, Jr. -- Science-fiction magazines : the crucibles of change / Mike Ashley -- pt. II. Topics and debates. -- Utopia / Phillip E. Wegner -- Science fiction and religion / Stephen R.L. Clark -- "Monsters of the imagination" : Gothic, science, fiction / Fred Botting -- Science fiction and ecology / Brian Stableford -- Feminist fabulation / Marleen S. Barr -- Time and identity in feminist science fiction / Jenny Wolmark -- Science fiction and the Cold War / M. Keith Booker -- pt. III. Genres and movements. -- Hard science fiction / Gary Westfahl -- The new wave / Rob Latham -- Cyberpunk / Mark Bould -- Science fiction and postmodernism / Veronica Hollinger -- The renewal of "hard" science fiction / Donald M. Hassler -- pt. IV. Science fiction film. -- American science fiction film : an overview / Vivian Sobchack -- Figurations of the cyborg in contemporary science fiction novels and films / Christine Cornea -- British television science fiction / Peter Wright -- pt. V. The international scene. -- Canadian science fiction / Douglas Barbour -- Japanese and Asian science fiction / Takayuki Tatsumi -- Australian science fiction / Van Ikin and Sean McMullen.
=505  8\$apt. VI. Key writers. -- The grandeur of H.G. Wells / Robert Crossley -- Isaac Asimov / John Clute -- John Wyndham : the facts of life sextet / David Ketterer -- Philip K. Dick / Christopher Palmer -- Samuel Delaney : a biographical and critical overview / Carl Freedman -- Ursula K. Le Guin / Warren G. Rochelle -- Gwyneth Jones and the anxieties of science fiction / Andy Sawyer -- Arthur C. Clarke / Edward James -- Greg Egan / Russell Blackford -- pt. VII. Readings. Mary Shelley : Frankenstein : or, the modern Prometheus / Susan E. Lederer and Richard M. Ratzan -- Charlotte Perkins Gilman : Herland / Jill Rudd -- Aldous Huxley : Brave new world / David Seed -- Ray Bradbury : Fahrenheit 451 / Brian Baker -- Joanna Russ : The female man / Jeanne Cortiel -- J.G. Ballard : Crash / Roger Luckhurst -- Margaret Atwood : The handmaid's tale / Faye Hammill -- William Gibson : Neuromancer / Andrew M. Butler -- Kim Stanley Robinson : Mars trilogy / Carol Franko -- Iain M. Banks : Excession / Farah Mendlesohn.
=533  \\$aElectronic reproduction.$bHoboken, N.J.$cWiley InterScience$d2007.
=599  \\$5Hald$aALMA
=599  \\$5Hdig$aSFX
=599  \\$5Hibd$aALMA
=599  \\$5JonE$aALMA
=599  \\$5Jsld$aALMA
=599  \\$5Ldix$aEBZ
=599  \\$5LiUd$aEBZ
=599  \\$5LnuE$aALMA
=599  \\$5Mdhd$aALMA
=599  \\$5Miun$aSFX
=599  \\$5Odig$aALMA
=599  \\$5Qdig$aALMA
=599  \\$5Tdig$aALMA
=599  \\$5ThsE$aEBZ
=599  \\$5Zdig$aEBZ
=650  \0$aScience fiction$xHistory and criticism.
=650  17$aScience fiction.$2gtt
=655  \4$aElectronic books.
=700  1\$aSeed, David.
=710  2\$aWiley InterScience (Online service)
=776  08$iPrint$tA companion to science fiction Original$z9781405112185
=830  \0$aBlackwell companions to literature and culture ;$v34
=856  40$5Hald$uhttps://hh.alma.exlibrisgroup.com/openurl/46LIBRIS_HIH_INST/46LIBRIS_HIH_INST:46LIBRIS_HIH_View?u.ignore_date_coverage=true&rft.mms_id=991000796186705936$zTillgänglig för användare inom Högskolan i Halmstad$zfulltext$zEbook Central Academic Complete
=856  40$5Hdig$uhttp://link.sub.su.se/sfxsub?url_ver=Z39.88-2004&ctx_ver=Z39.88-2004&ctx_enc=info:ofi/enc:UTF-8&rfr_id=info:sid/sfxit.com:opac_856&url_ctx_fmt=info:ofi/fmt:kev:mtx:ctx&sfx.ignore_date_threshold=1&rft.object_id=1000000000342101&svc_val_fmt=info:ofi/fmt:kev:mtx:sch_svc&$zTillgänglig för användare inom Stockholms universitet$zEbook Central Academic Complete International Edition:Full Text$zWiley Online Library Online Books:Full Text
=856  40$5Hibd$uhttps://gslg-hb.primo.exlibrisgroup.com/openurl/46GSLG_BORAS/46GSLG_BORAS:46BORAS_V1?u.ignore_date_coverage=true&rft.mms_id=993552736203662$zTillgänglig för användare inom Högskolan i Borås$zfulltext$zEbook Central Academic Complete
=856  40$5JonE$uhttps://primo.library.ju.se/openurl/JUL/46JUL_INST:jul?u.ignore_date_coverage=true&rft.mms_id=998221460303831$zOnline access for JON$zfulltext$zEbook Central
=856  40$5Jsld$uhttps://slu.primo.exlibrisgroup.com/openurl/46SLUB_INST/46SLUB_INST:SLUB_V1?u.ignore_date_coverage=true&rft.mms_id=9919278773505121$zOnline access for SLUB$zfulltext$zEbook Central
=856  40$5Ldix$uhttp://ludwig.lub.lu.se/login?url=https://onlinelibrary.wiley.com/doi/book/10.1002/9780470997055$zOnline access for Lund University$zWiley Blackwell Reference Online
=856  40$5LiUd$uhttps://login.e.bibl.liu.se/login?url=https://ebookcentral.proquest.com/lib/linkoping-ebooks/detail.action?docID=233085$zExtern tillgång endast anställda och studenter vid LiU$zProQuest Ebook Central - Academic Complete
=856  40$5LnuE$uhttp://link.lnu.se/openurl?u.ignore_date_coverage=true&rft.mms_id=997052936403661$zOnline access for Linnaeus University$zfulltext$zEbook Central Academic Complete International Edition
=856  40$5Mdhd$uhttps://mdh.primo.exlibrisgroup.com/openurl/46MH_INST/46MH_INST:46MH_V1?u.ignore_date_coverage=true&rft.mms_id=991001058944503211$zTillgänglig för användare inom Mälardalens högskola$zfulltext$zEbook Central Academic Complete International Edition
=856  40$5Miun$uhttp://sfxeu11.hosted.exlibrisgroup.com/sfxmiu/?url_ver=Z39.88-2004&ctx_ver=Z39.88-2004&ctx_enc=info:ofi/enc:UTF-8&rfr_id=info:sid/sfxit.com:opac_856&url_ctx_fmt=info:ofi/fmt:kev:mtx:ctx&sfx.ignore_date_threshold=1&rft.object_id=1000000000342101&svc_val_fmt=info:ofi/fmt:kev:mtx:sch_svc&$zStudent portal login$zEbook Central Academic Complete:Full Text
=856  40$5Odig$uhttps://openurl.oru.se?u.ignore_date_coverage=true&rft.mms_id=999428808403663$zTillgänglig inom Örebro universitet och externt för studenter och anställda vid universitetet$zfulltext$zEbook Central Perpetual, DDA and Subscription Titles
=856  40$5Qdig$uhttps://search.ub.umu.se/openurl/46UMEA_INST/46UMEA_INST:UmUB?u.ignore_date_coverage=true&rft.mms_id=9921417679104996$zOnline access for UMUB$zfulltext$zEbook Central Academic Complete
=856  40$5Tdig$uhttp://pmt-eu.hosted.exlibrisgroup.com/openurl/46KTH/46KTH_services_page?u.ignore_date_coverage=true&rft.mms_id=99447877702456$zOnline access for KTHB$zfulltext$zWiley
=856  40$5ThsE$uhttps://ebookcentral.proquest.com/lib/[[SiteID]]/detail.action?docID=233085$zOnline access for Enskilda Högskolan Stockholm$zProQuest Ebook Central - Academic Complete
=856  40$5Zdig$uhttps://ebookcentral.proquest.com/lib/chalmers/detail.action?docID=233085$zOnline access for Chalmers$zProQuest Ebook Central - Academic Complete International
=856  42$3John Wiley$uhttp://dx.doi.org/10.1002/9780470997055$x856other$zTable of Contents / Abstracts

