=LDR  01998cam a22003251a 4500
=001  8395578
=003  SE-LIBR
=005  20020212104042.0
=008  020212s1969\\\\bl\\\\\\\\\\\\000\0ceng\c
=010  \\$a72217690
=035  \\$a9448407
=040  \\$aDLC$cNmPE$dNmPE$dOCoLC$dDLC
=041  0\$aeng$apor
=084  \\$aF735.1
=111  2\$aSF Symposium$d(1969 :$cRio de Janeiro, Brazil)
=245  10$aSF symposium =$bFC simps̤io /$cedited by Jos ̌Sanz
=260  \\$aRio de Janeiro :$bInstituto do Cinema,$c1969
=300  \\$a188 s. :$bill. ;$c20 cm
=500  \\$a"A Arruda traduziu os textos."
=500  \\$aContributions in English and Portuguese; introd. and biographical material in Portuguese
=505  0\$aIntroduction / J. Sanz -- Homage to Boris Karloff and John Wyndham ; The shape of films to come in science fiction / F.J. Ackerman -- The debt of the film industry to science fiction classics / S. Moskowitz -- Men, myths and monsters / R. Bloch -- Problems of mutants of the human race / A.E. van Vogt --The empire of science fiction / B.W. Aldiss -- Word and image / P. Anderson -- A special kind of science fiction film / L. Gasca -- Science fiction in the real world / J. Brunner -- Films to come / H. Harrison -- How a science fiction author works / A. Bester -- Some aspects of movie-making in science fiction / W. Rilla -- The science fiction of social comment / F. Pohl -- Science fiction cannot be immune from change / J.G. Ballard -- The science fiction literature in France / J. Sadoul -- The role of the science fiction writer in the visual medium / H. Ellison -- The future isn't what it used to be / A.C. Clarke
=650  \0$aScience fiction films$xCongresses
=650  \0$aScience fiction$xCongresses
=650  \4$aSciencefictionfilm, kongresser
=700  1\$aSanz, Jos ̌
=710  2\$aInstituto Nacional do Cinema (Brazil)
=740  0\$aFC simps̤io
=740  0\$aS F symposium

