=LDR  05216cam a2200613 i 4500
=001  14742896
=003  SE-LIBR
=005  20131031112409.0
=008  131021s2013\\\\enk||||||b||||001\0|eng|\
=010  \\$a2013024850
=016  7\$a016449244$2Uk
=020  \\$a1472510321
=020  \\$a1472510933$qHardcover
=020  \\$a1472514882
=020  \\$a9781472510938$qHardcover
=020  \\$z9781472510327 (eBook (PDF)
=020  \\$z9781472514882 (eBook (ePub)
=035  \\$a(OCoLC)ocn851414242
=040  \\$aDLC$beng$cDLC$dYDX$dBTCTA$dUKMGB$dOCLCO$dYDXCP$dYNK$dBDX$dOCLCO$dU$ei$erda
=041  \\$aeng
=042  \\$apcc
=050  \0$aP96.S9
=082  00$a307.74$223
=084  \\$aLIT000000$2bisacsh
=084  \\$aOabba$2kssb/8 (machine generated)
=245  10$aNew suburban stories /$cedited by Martin Dines and Timotheus Vermeulen.
=264  \1$aLondon ;$aNew York :$bBloomsbury Academic,$c2013
=300  \\$aviii, 241 pages$c24 cm.
=490  1\$aBloomsbury studies in the city
=504  \\$aIncludes bibliographical references and index.
=505  8\$aMachine generated contents note: -- Introduction: NewSuburban Stories, Martin Dines and Timotheus Vermeulen \ Part I: Delineatingthe Margins \ 1. Mapping the Suburbs: Cartographic Representationof Villa Celina, Buenos Aires, 1955-2011, Adrianna Massidda \ 2. From Riots to Designer Shoes: Tout ce quibrille/All that Glitters (2010) and Changing Representations of the Banlieue in French Cinema, Carrie Tarr \ 3. EnteringNo-Go Areas: Suburbs in Contemporary German Literature, Caroline Merkel \ 4. J.G.Ballard: The 'Seer of Shepperton' as the Seer of Suburbia, Jarrad Keyes \ Part II: The Past in its Place \ 5. The ShiftingGround of Commemoration in an Australian Suburb, Hannah Lewi and CarolineJordan \ 6.The Future and Come and Gone: Managing Change in the AgingSuburbs, Alan Mace \ 7. Where the HeartIs: Cinema and Civic Life in Singapore, GaikKhoo \ PartIII: Aesthetics of Affect \ 8.'The Shhh of Sprays On All the Little Lawns': Imaginingthe Post-War American Suburbs, Joanna Gill \ 9. 'Nothing Seemed Familiar, Yet EverythingWas Very, Very Familiar': Rethinking Bill Owens's Suburbia, Bridget Gilman 10. 'A More Interesting Surgery on the Suburbs': Richard Ford's Paean to theNew Jersey Periphery, Tim Foster \ 11. Ordinary Geographies: Trajectories of Affectin the Work of Kathleen Stewart and D.J. Waldie, NeilCampbell \ PartIV: Suburban Communities and Cultural Production \ 12. A Chicken Ain't Nothin' Buta Bird: Animals, Suburbia and the Evolving Terrain of Production, Consumption, and Representation, Hugh Bartling \ 13. Kvart KVART: Art Activism at the Urban Peripheryin Croatia, Dalibor Prancevic \ 14. 'MANS IS ON STAGE': Rappers as Disseminators of (Sub)UrbanLanguage Varieties, Nichola Smalley \ 15. The Goat Boy of Mount Seething: Heritageand the English Suburbs, Helen Wickstead \ Notes \ Bibliography \ Index.
=520  \\$a"An international team of scholars explore representations of the suburbs in contemporary literature, film and culture"--$cProvided by publisher.
=520  \\$a"Exploring fiction, film and art from across the USA, South America, Asia, Europe and Australia, New Suburban Stories brings together new research from leading international scholars to examine cultural representations of the suburbs, home to a rapidly increasing proportion of the world's population. Focussing in particular on works that challenge conventional attitudes to suburbia, the bookconsiders how suburban communities have taken control of their own representation to tell their own stories in contemporary novels, poetry, autobiography, cinema, social media and public art tell the story of how suburban communities have taken control of their own representation to tell their own stories in contemporary novels, poetry, autobiography, cinema, social media and public art"--$cProvided by publisher.
=599  \\$aImported from: libprd.uits.indiana.edu:2200/unicorn (Do not remove)
=650  \0$aSuburban life in literature
=650  \0$aSuburban life in motion pictures
=650  \0$aSuburbs in art
=650  \0$aSuburbs in art.
=650  \0$aSuburbs in literature
=650  \0$aSuburbs in literature.
=650  \0$aSuburbs in mass media.
=650  \0$aSuburbs in motion pictures.
=650  \7$aFörorter i konsten$0https://id.kb.se/term/sao/F%C3%B6rorter%20i%20konsten$2sao
=650  \7$aFörorter i litteraturen$0https://id.kb.se/term/sao/F%C3%B6rorter%20i%20litteraturen$2sao
=650  \7$aFörortsliv i filmen$0https://id.kb.se/term/sao/F%C3%B6rortsliv%20i%20filmen$2sao
=650  \7$aFörortsliv i litteraturen$0https://id.kb.se/term/sao/F%C3%B6rortsliv%20i%20litteraturen$2sao
=650  \7$aLITERARY CRITICISM / General.$2bisacsh
=700  1\$aDines, Martin,$d1976-$4edt
=700  1\$aVermeulen, Timotheus.$4edt
=830  \0$aBloomsbury studies in the city

