=LDR  04988cam a2200889ia 4500
=001  gqjdnkg1dmd0p70w
=003  SE-LIBR
=005  20180809155231.0
=008  180809s2015\\\\fr\ab||||b||||000\0|fre|d
=020  \\$a2840667770
=020  \\$a9782840667773
=024  3\$a9782840667773
=035  \\$a(OCoLC)ocn935415410
=040  \\$aX$beng$cIWC
=041  0\$afre$aeng
=050  \4$aML197$b.S68 2015
=050  \4$aML3916$b.S66 2015
=082  04$a780.9/04$223
=245  10$aSounds of utopia =$bSonorités de l'utopie /$cissue editied by Matthieu Saladin = dossier dirigé par Matthieu Saladin.
=246  10$aSonorités de l'utopie
=264  \1$a[Mulhouse, France] :$bHaute école des arts du Rhin ;$aDijon, France :$bLes presses du réel,$c[2015]
=264  \1$c2015
=300  \\$a555 pages$billustrations, maps$c23 cm.
=336  \\$atext$btxt$2rdacontent
=337  \\$aunmediated$bn$2rdamedia
=338  \\$avolume$bnc$2rdacarrier
=340  \\$b23 cm.
=490  1\$aTacet ;$vno 04
=504  \\$aIncludes bibliographical references.
=505  8\$aListening to utopia is straining toward an impossible ear / Matthieu Saladin -- The story of Agatha / Cornelius Cardew -- The sound-sweep / J.G. Ballard -- The acousmatic non-place / François J. Bonnet -- Field recordings and shared places / pali meursault -- Where water is boss sound must obey / Em'kal Eyongakpa & Amal Alhaag -- Musical utopianism in the Princeton School, pre- and post-turn / Scott Gleason -- Utopian atmospheres: an ethnographic account of music in the Richmond City Jail / Andy McGraw -- The meaning of my avant-garde hillbilly and blues music / Henry A. Flynt, Jr. -- Henry Flynt and the reinvention of cultural roots / Christophe Levaux -- Sound plasma: Horatio Radulescu's Oto-utopia / Francis Heery -- From the voices of the dead to algorithmic golems: utopias and distopias in sound technology / Jonathan Sterne -- Sonic utopias in the realm of science fiction: the silence and music of gravity / Filipe  Barros Beltrão & Andrew Gray -- Lexicon / Pascal Broccolichi -- The mobilisation and cosmologisation of sound in Zbigniew Karkowski and Michael Gendreau / Thibault Walter -- Moments of (in)attention: on suspended temporality in the works of Max Neuhaus / Anne Zeitz -- White noise: the establishment of a musical object / Loïc Bertrand -- The world's musics as languages: phases of cross-cultural analysis of mainstream music / Henry A. Flynt, Jr. -- Correspondence with Pierre Schaeffer: 3 letters / Luc Ferrari -- Collection rip on/off / by Xavier Hug -- Ultra-red, URXX nos. 1-9 / by G. Douglas Barrett.
=546  \\$aIn English and French on facing pages.
=599  \\$aImported from: zcat.oclc.org:210/OLUCWorldCat (Do not remove)
=648  \7$a1900-2099$2fast
=650  \0$aElectronic music
=650  \0$aMusic$xSocial aspects.
=650  \0$aMusic$y20th century$xHistory and criticism.
=650  \0$aMusic$y21st century$xHistory and criticism.
=650  \0$aMusique concrète
=650  \0$aSound in art
=650  \0$aSound in art.
=650  \0$aSound installations (Art)
=650  \0$aSound sculpture
=650  \0$aSound$xSocial aspects.
=650  \0$aUtopias in art
=650  \0$aUtopias in art.
=650  \0$aUtopias.
=650  \7$aElektroakustisk musik$0https://id.kb.se/term/sao/Elektroakustisk%20musik$2sao
=650  \7$aLjud i konsten$0https://id.kb.se/term/sao/Ljud%20i%20konsten$2sao
=650  \7$aLjudkonst$0https://id.kb.se/term/sao/Ljudkonst$2sao
=650  \7$aMusic$xSocial aspects.$2fast
=650  \7$aMusic.$2fast
=650  \7$aSound in art.$2fast
=650  \7$aUtopias in art.$2fast
=650  \7$aUtopias.$2fast
=650  \7$aUtopier i konsten$0https://id.kb.se/term/sao/Utopier%20i%20konsten$2sao
=655  \7$aCriticism, interpretation, etc.$2fast
=655  \7$aUtopian fiction.$2gsafd
=655  \7$aUtopian fiction.$2lcgft
=700  1\$aSaladin, Matthieu,$d1978-$eeditor.$4edt
=830  \0$aTacet ;$vno. 4.

