=LDR  05727cam a2200649 a 4500
=001  dpvl408mbf7898hg
=003  SE-LIBR
=005  20191106123140.0
=008  190801s2012\\\\nyu|||||||||||001\1|eng|\
=010  \\$a2012013070
=015  \\$aGBB287358$2bnb
=016  7\$a016161812$2Uk
=020  \\$a039334195X$q(pbk.)
=020  \\$a9780393341959$q(pbk.)
=035  \\$a(OCoLC)ocn783161112
=040  \\$aG$beng$cDLC$dYDX$dBTCTA$dBDX$dUKMGB$dOCLCO$dYDXCP$dORX$dCZA$dCDX$dBWX$dABG$dVP@$dCUD$dIWA$dOCLCF$dOCLCQ$dCHVBK$dOCL$dOCLCQ$dOCL$dSFR$dOCLCQ$dGZM$dOCLCO$dOCL$dWLU$dG$ea
=041  \\$aeng
=043  \\$an-us---
=050  \0$aPS659.2
=082  00$a818.609$223
=084  \\$aHe(s)$2kssb/8
=245  10$aFakes :$ban anthology of pseudo-interviews, faux-lectures, quasi-letters, "found" texts, and other fraudulent artifacts /$cedited by David Shields and Matthew Vollmer.
=250  \\$a1st ed.
=264  \1$aNew York :$bW.W. Norton,$c©2012
=300  \\$a361 pages$c21 cm
=336  \\$atext$btxt$2rdacontent
=337  \\$aunmediated$bn$2rdamedia
=338  \\$avolume$bnc$2rdacarrier
=504  \\$aIncludes bibliographical references and index.
=505  8\$aLearning how to fake it -- "Disclaimer" : disclaimer / David Means -- "I can speak!" : letter responding to complaint / George Saunders -- Some instructions to my wife concerning the upkeep of the house and marriage, and to my son and daughter concerning the conduct of their childhood (excerpt) : instructions/guidebook / Stanley Crawford -- "One thousand words on why you should not talk during a fire drill" : essay as punishment / Mark Halliday -- "Problems for self-study" : story problems / Charles Yu -- "Permission slip" : public address / Caron A. Levis -- "How to become a writer" : instructions / Lorrie Moore -- "The dead sister handbook-- a guide for sensitive boys (laconic method to near misses)" : glossary / Kevin Wilson -- "Interview with a moron" : interview / Elizabeth Stuckey-French -- "Reference #388475848-5" : letter to parking bureau / Amy Hempel -- "The explanation" : interview / Donald Barthelme -- Letters to Wendy's (excerpt) : comment cards / Joe Wenderoth -- "This is just to say that I'm tired of sharing an apartment with William Carlos Williams" : note / Laura Jayne Martin -- "Single woman for long walks on the beach" : personal ad / Ron Carlson -- "My beard, reviewed" : reviews / Chris Bachelder -- "The varieties of romantic experience-- an introduction" : lecture / Rob Cohen -- "Vis à vis love" : contract / Mieke Eerkens -- "Practice problem" : story problem / Joseph Salvatore -- "Officers weep" : police blotter / Daniel Orozco -- "Subtotals" : list / Greg Burnham -- "Our spring catalog : publisher's catalog / Jack Pendarvis -- "Reply all" : e-mail / Robin Hemley -- "Chaucer tweets the South by Southwest Festival" : twitter feed / Kari Anne Roy -- "Iconographic conventions of pre- and early Renaissance-- Italian representations of the flagellation of Christ" : academic essay / Rachel B. Glaser -- "The human side of instrumental transcommunication" : conference paper / Wendy Brenner -- "Class notes" : alumni newsletter / Lucas Cooper -- "Dear Stephen Hawking" : letter / Samantha Hunt -- "National treasures" : auction catalog / Charles McLeod -- "Discarded notions" : list / Matthew Williamson -- "Star Lake letters" : correspondence / Arda Collins -- "Life story" : compilation / David Shields -- "Instructions for extinction" : instructions / Melanie Rae Thon -- "Will & testament" : will and testament / Matthew Vollmer -- "Letter to a funeral parlor" : letter / Lydia Davis -- "Acknowledgments" : author's acknowledgments / Paul Theroux -- "Primary sources" : works cited / Rick Moody -- "Contributor's note" : contributor's note / Michael Martone -- "The year's best fiction 2008-- the authors speak" : author's explanations / J. Robert Lennon -- "About the typefaces not used in this edition" : note on type / Jonathan Safran Foer -- "The index" : index / J.G. Ballard.
=520  \\$aTwo writers and professors present 40 short pieces of fiction that serve as humorous counterfeit texts, including a personal ad from Ron Carlson, a parking department complaint from Amy Hempel, and a list of works cited from Rick Moody.
=599  \\$aImported from: zcat.oclc.org:210/OLUCWorldCat (Do not remove)
=648  \7$a2000-2099$2fast
=650  \0$aAmerican prose literature$y21st century.
=650  \0$aCounterfeits and counterfeiting in literature.
=650  \0$aCreative nonfiction.
=650  \0$aFound objects (Art)
=650  \7$aAmerican prose literature.$2fast
=650  \7$aAmerikanisches Englisch$2gnd
=650  \7$aCounterfeits and counterfeiting in literature.$2fast
=650  \7$aCreative nonfiction.$2fast
=650  \7$aEssay$2gnd
=650  \7$aFound objects (Art)$2fast
=650  \7$aKurzepik$2gnd
=655  \7$aCreative nonfiction.$2lcgft
=655  \7$aSamlingsverk$0https://id.kb.se/term/saogf/Samlingsverk$2saogf
=700  1\$aShields, David,$d1956-$4edt
=700  1\$aVollmer, Matthew$4edt

