=LDR  01321cam a22003737a 4500
=001  14286406
=003  SE-LIBR
=005  20130704080015.0
=008  130611s2009\\\\nyu||||||b||||001\1|eng|\
=010  \\$a2009018456
=020  \\$a0393072622
=020  \\$a9780393072624
=035  \\$5O$aDAW12872138
=035  \\$aDAW12872138
=040  \\$aDLC$cDLC$dDLC$dO$ea
=041  \\$aeng
=050  00$aPR6052.A46$bA6 2009
=082  00$a823.914$222
=100  1\$aBallard, J. G.,$d1930-2009.$4aut$1http://viaf.org/viaf/9842556$4http://rdaregistry.info/Elements/w/object/P10061
=240  10$aShort stories
=245  14$aThe complete stories of J.G. Ballard
=250  \\$a1st American ed.
=264  \1$aNew York :$bW.W. Norton & Co.$c2009
=300  \\$axv, 1199 p.$c24 cm.
=500  \\$aPreviously published as: The complete short stories.
=504  \\$aIncludes bibliographical references and index.
=599  \\$aDawson
=650  \7$aEngelska$2sao
=650  \7$aSkönlitteratur$0https://id.kb.se/term/sao/Sk%C3%B6nlitteratur$2sao

