=LDR  00966cam a22002657a 4500
=001  10695733
=003  SE-LIBR
=005  20090422155444.0
=008  080225s2008\\\\xxk||||\\\\\\|00|\||eng\c
=020  \\$a978-0-00-727072-9
=040  \\$aNob
=082  04$a820.9$222 (machine generated)
=084  \\$aGez Ballard, J.G.$2kssb/8
=100  1\$aBallard, J. G.,$d1930-2009$0176668$1http://viaf.org/viaf/9842556$4http://rdaregistry.info/Elements/w/object/P10061
=245  10$aMiracles of life :$bShanghai to Shepperton : an autobiography /$cJ.G. Ballard
=260  \\$aLondon :$bFourth Estate,$c2008
=300  \\$a278 s. :$bill.

