=LDR  01798cam a22003977a 4500
=001  9991608
=003  SE-LIBR
=005  20111014153538.0
=008  051006s2005\\\\xxk|||||||||||000\||eng|c
=020  \\$a071907052X$qinb.
=020  \\$a0719070538$qhft.
=040  \\$aNob$ea
=041  \\$aeng
=082  04$a820.9$222 (machine generated)
=084  \\$aGez Ballard, J.G.$2kssb/7
=100  1\$aGasiorek, Andrzej,$d1960-
=245  10$aJ.G. Ballard /$cAndrzej Gasiorek.
=264  \1$aManchester :$bManchester Univ. Press,$c2005
=300  \\$a228 s.
=490  1\$aContemporary British novelists
=600  14$aBallard, James Graham,$d1930-
=830  \0$aContemporary British novelists

