=LDR  00682cam a22002055a 4500
=001  17116817
=003  SE-LIBR
=005  20141105172523.0
=008  141105s2010\\\\us\|||||||||||00|\1|eng\c
=020  \\$a9781582435701
=035  \\$a(Adlibris)9781582435701
=082  04$a810$222 (machine generated)
=084  \\$aHeq$2kssb/8
=100  1\$aBallard, J. G.$1http://viaf.org/viaf/9842556$4http://rdaregistry.info/Elements/w/object/P10061
=245  10$aCocaine Nights /$cJ. G. Ballard
=260  \\$bCounterpoint LLC,$c2010
=300  \\$a332 s. ;$c2.5 cm
=599  \\$aMaskinellt genererad post. Ändra kod för fullständighetsnivå (leader/17), annars kommer manuellt gjorda ändringar att försvinna.

