=LDR  01565cam a22003975a 4500
=001  21978714
=003  SE-LIBR
=005  20181003105455.0
=008  171124s2005\\\\us\|||||||||||000\1|eng|c
=020  \\$a9780007221837$qpocket
=035  \\$a(Adlibris)9780007221837
=035  \\$a(BOKR)9780007221837
=040  \\$aBOKR$ea$ei
=041  \\$aeng
=082  04$a800$222 (machine generated)
=084  \\$aH$2kssb/8
=100  1\$aBallard, J. G.$4aut$1http://viaf.org/viaf/9842556$4http://rdaregistry.info/Elements/w/object/P10061
=240  10$aThe Drowned World$1http://viaf.org/viaf/309277534
=245  10$aDrowned world /$cJ. G. Ballard.
=263  \\$a200509
=264  \1$bHarpercollins Publishers,$c2005
=264  \1$bOxford University Press,$c2005
=300  \\$a176 sidor$c0 cm
=336  \\$btxt$2rdacontent
=337  \\$bn$2rdamedia
=338  \\$bnc$2rdacarrier
=340  \\$b0 cm
=599  \\$aMaskinellt genererad post. Ändra kod för fullständighetsnivå (leader/17), annars kommer manuellt gjorda ändringar att försvinna.
=655  \4$0https://id.kb.se/marc/FictionNotFurtherSpecified
=655  \4$0https://id.kb.se/marc/NotFictionNotFurtherSpecified

