=LDR  02507cam a22005297a 4500
=001  19656616
=003  SE-LIBR
=005  20200309154232.0
=008  160905s2016\\\\us\|||||||||||000\f|eng|c
=020  \\$a9781631492686
=035  \\$a(Adlibris)9781631492686
=040  \\$aGbg$cHFU$ea
=041  \\$aeng
=050  00$aPR6052.A46$bH54 2012
=082  04$a823$222 (machine generated)
=084  \\$aHe.01$2kssb/8
=100  1\$aBallard, J. G.$1http://viaf.org/viaf/9842556$4http://rdaregistry.info/Elements/w/object/P10061
=240  10$aHigh-rise$1http://viaf.org/viaf/308016990
=245  10$aHigh-Rise /$cJ. G. Ballard.
=264  \1$bLiveright Publishing Corporation,$c2016
=300  \\$a208 sidor.
=336  \\$atext$btxt$2rdacontent.
=337  \\$aunmediated$bn$2rdamedia.
=338  \\$avolume$bnc$2rdacarrier.
=520  \\$a"When a class war erupts inside a luxurious apartment block, modern elevators become violent battlegrounds and cocktail parties degenerate into marauding attacks on enemy floors. In this visionary tale, human society slips into violent reverse as once-peaceful residents, driven by primal urges, re-create a world ruled by the laws of the jungle."--Provided by publisher.
=650  \0$aApartment dwellers$vFiction.
=650  \0$aApartment houses
=650  \0$aApartments
=650  \0$aDystopias
=650  \0$aDystopias$vFiction.
=650  \0$aHigh-rise apartment buildings
=650  \0$aHigh-rise apartment buildings$xSocial aspects$vFiction.
=650  \0$aTall buildings
=650  \7$aDystopier$0https://id.kb.se/term/sao/Dystopier$2sao$9Fack
=650  \7$aHöghus$0https://id.kb.se/term/sao/H%C3%B6ghus$2sao$9Fack$9Skon
=650  \7$aLägenheter$0https://id.kb.se/term/sao/L%C3%A4genheter$2sao$9Fack$9Skon
=655  \7$aDystopier$0https://id.kb.se/term/saogf/Dystopier$2saogf$9Skon

