=LDR  00706cam a22002055a 4500
=001  21978718
=003  SE-LIBR
=005  20171124161727.0
=008  171124s2012\\\\us\|||||||||||00|\1|eng\c
=020  \\$a978-0-87140-405-3
=035  \\$a(Adlibris)9780871404053
=082  04$a800$222 (machine generated)
=084  \\$aH$2kssb/8
=100  1\$aBallard, J. G.$1http://viaf.org/viaf/9842556$4http://rdaregistry.info/Elements/w/object/P10061
=245  10$aMillennium People /$cJ. G. Ballard
=260  \\$bLiveright Publishing Corporation,$c2012
=300  \\$a288 s. ;$c1.9 cm
=599  \\$aMaskinellt genererad post. Ändra kod för fullständighetsnivå (leader/17), annars kommer manuellt gjorda ändringar att försvinna.

