=LDR  00667cam a22001815a 4500
=001  20058579
=003  SE-LIBR
=005  20170216182631.0
=008  170216s2013\\\\us\|||||||||||00|\1|eng\c
=020  \\$a9780871404206
=035  \\$a(Adlibris)9780871404206
=100  1\$aBallard, J. G.$1http://viaf.org/viaf/9842556$4http://rdaregistry.info/Elements/w/object/P10061
=245  10$aMiracles of Life: Shanghai to Shepperton, an Autobiography /$cJ. G. Ballard
=260  \\$bLiveright Publishing Corporation,$c2013
=300  \\$a272 s. ;$c2.3 cm
=599  \\$aMaskinellt genererad post. Ändra kod för fullständighetsnivå (leader/17), annars kommer manuellt gjorda ändringar att försvinna.

