=LDR  01437cam a22003855a 4500
=001  20794559
=003  SE-LIBR
=005  20181003152747.0
=008  170502s2001\\\\us\|||||||||||000\1|eng|c
=020  \\$a9780007116867$qpocket
=035  \\$a(Adlibris)9780007116867
=035  \\$a(BOKR)9780007116867
=040  \\$aBOKR$ea$ei
=041  \\$aeng
=082  \4$a813$222
=084  \\$aH$2kssb/8
=100  1\$aBallard, J. G.$4aut$1http://viaf.org/viaf/9842556$4http://rdaregistry.info/Elements/w/object/P10061
=245  10$aAtrocity exhibition /$cJ. G. Ballard.
=245  10$aThe Atrocity Exhibition /$cJ. G. Ballard.
=263  \\$a200105
=264  \1$bHarpercollins Publishers,$c2001
=264  \1$bHARPERCOLLINS PUBLISHERS,$c2001
=300  \\$a192 sidor$c1.8 cm
=336  \\$btxt$2rdacontent
=337  \\$bn$2rdamedia
=338  \\$bnc$2rdacarrier
=340  \\$b1.8 cm
=490  0\$aFLAMINGO MODERN CLASSICS
=599  \\$aMaskinellt genererad post. Ändra kod för fullständighetsnivå (leader/17), annars kommer manuellt gjorda ändringar att försvinna.
=655  \4$0https://id.kb.se/marc/FictionNotFurtherSpecified
=655  \4$0https://id.kb.se/marc/NotFictionNotFurtherSpecified

