=LDR  00875cam a22002658i 4500
=001  21968707
=003  SE-LIBR
=005  20181003133517.0
=008  171124s1998\\\\xx\|||||||||||000\0|eng|d
=020  \\$a9780586089965$qpocket
=035  \\$a(BOKR)9780586089965
=040  \\$aBOKR$ei
=041  \\$aeng
=100  1\$aBallard, J. G.$4aut$1http://viaf.org/viaf/9842556$4http://rdaregistry.info/Elements/w/object/P10061
=245  10$aDrought
=263  \\$a199801
=264  \1$bHarpercollins Publishers,$c1998
=300  \\$a256 sidor$c19.9 cm
=336  \\$atext$btxt$2rdacontent
=337  \\$aunmediated$bn$2rdamedia
=338  \\$avolume$bnc$2rdacarrier
=340  \\$b19.9 cm
=490  0\$aPALADIN BOOKS
=599  \\$aMaskinellt genererad post. Ändra kod för fullständighetsnivå (leader/17), annars kommer manuellt gjorda ändringar att försvinna.

