=LDR  00852cam a22002538i 4500
=001  21804687
=003  SE-LIBR
=005  20181003110710.0
=008  171026s1997\\\\xx\|||||||||||000\0|eng|d
=020  \\$a9780006550648$qpocket
=035  \\$a(BOKR)9780006550648
=040  \\$aBOKR$ei
=041  \\$aeng
=100  1\$aBallard, J. G.$4aut$1http://viaf.org/viaf/9842556$4http://rdaregistry.info/Elements/w/object/P10061
=245  10$aCocaine nights
=263  \\$a199709
=264  \1$bHarpercollins Publishers,$c1997
=300  \\$a352 sidor$c20.2 cm
=336  \\$atext$btxt$2rdacontent
=337  \\$aunmediated$bn$2rdamedia
=338  \\$avolume$bnc$2rdacarrier
=340  \\$b20.2 cm
=599  \\$aMaskinellt genererad post. Ändra kod för fullständighetsnivå (leader/17), annars kommer manuellt gjorda ändringar att försvinna.

