=LDR  01981cam a22004697i 4500
=001  14971502
=003  SE-LIBR
=005  20200107122345.0
=008  140115s2008\\\\xx\|||||||||||000\f|eng|d
=020  \\$a9780007287048$qpocket
=035  \\$a(BOKR)9780007287048
=040  \\$aBOKR$bswe$ei$erda
=041  \\$aeng
=082  04$a823$222 (machine generated)
=084  \\$aHe.01$2kssb/8
=100  1\$aBallard, J. G.$4aut$1http://viaf.org/viaf/9842556$4http://rdaregistry.info/Elements/w/object/P10061
=240  10$aConcrete Island$1http://viaf.org/viaf/174604532
=245  10$aConcrete island
=263  \\$a200809
=264  \1$bHarpercollins Publishers,$c2008
=300  \\$a208 sidor$c20 cm
=336  \\$atext$btxt$2rdacontent
=337  \\$aunmediated$bn$2rdamedia
=338  \\$avolume$bnc$2rdacarrier
=650  \0$aSurvival
=650  \0$aTraffic accidents
=650  \7$aÖverlevnad$0https://id.kb.se/term/sao/%C3%96verlevnad$2sao
=650  \7$aTrafikolyckor$0https://id.kb.se/term/sao/Trafikolyckor$2sao

