=LDR  00918cam a22002778i 4500
=001  bllr6bp88s5995kq
=003  SE-LIBR
=005  20181003163405.0
=008  181003s2018\\\\xx\|||||||||||000\0|eng|d
=020  \\$a9781250144805$qpocket
=035  \\$a(BOKR)9781250144805
=040  \\$aBOKR$ei
=041  \\$aeng
=100  1\$aBallard, J. G.$4aut$1http://viaf.org/viaf/9842556$4http://rdaregistry.info/Elements/w/object/P10061
=245  10$aCrystal world
=263  \\$a201806
=264  \1$bMacmillan Usa,$c2018
=300  \\$c13.6 cm
=336  \\$btxt$2rdacontent
=337  \\$bn$2rdamedia
=338  \\$bnc$2rdacarrier
=340  \\$b13.6 cm
=490  0\$aINTERNATIONAL EDITION
=599  \\$aMaskinellt genererad post. Ändra kod för fullständighetsnivå (leader/17), annars kommer manuellt gjorda ändringar att försvinna.
=655  \4$0https://id.kb.se/marc/NotFictionNotFurtherSpecified

