=LDR  00622cam a22002173a 4500
=001  17433127
=003  SE-LIBR
=005  20150127164150.0
=008  150127s1984\\\\xxu\\\\\\\\\\\000\0\eng\d
=020  \\$a0671556460
=020  \\$a9780671556464
=035  \\$a(OCoLC)ocn474010062
=040  \\$aDKDLA$bdan$cDKDLA$dJm
=084  \\$a83$2z
=100  1\$aBallard, J. G.$1http://viaf.org/viaf/9842556$4http://rdaregistry.info/Elements/w/object/P10061
=245  10$aEmpire of the Sun
=260  \\$aNew York :$bPocket Books,$c1984
=300  \\$a375 sider
=599  \\$aImported from: zcat.oclc.org:210/OLUCWorldCat (Do not remove)

