=LDR  01124nam a22003018i 4500
=001  dnntf0jfbcstcp5n
=003  SE-LIBR
=005  20181003110435.0
=008  181003s2006\\\\xx\|||||||||||000\0|eng|d
=020  \\$a9780007221523$qpocket
=035  \\$a(BOKR)9780007221523
=040  \\$aBOKR$ei
=041  \\$aeng
=100  1\$aBallard, J. G.$4aut$1http://viaf.org/viaf/9842556$4http://rdaregistry.info/Elements/w/object/P10061
=240  10$aEmpire of the sun$1http://viaf.org/viaf/180997771
=245  10$aEmpire of the sun
=263  \\$a200602
=264  \1$bHarpercollins Publishers,$c2006
=300  \\$a352 sidor$c19.7 cm
=336  \\$atext$btxt$2rdacontent
=337  \\$aunmediated$bn$2rdamedia
=338  \\$avolume$bnc$2rdacarrier
=340  \\$b19.7 cm
=490  0\$aHARPER PERENNIAL MODERN CLASSI
=599  \\$aMaskinellt genererad post. Ändra kod för fullständighetsnivå (leader/17), annars kommer manuellt gjorda ändringar att försvinna.

