=LDR  00744cam a22002535a 4500
=001  14286405
=003  SE-LIBR
=005  20141231080103.0
=008  130611\\\\\\\\\\\\\\\\\\\\\\\\\\\\\\\\\\
=020  \\$a0007469527
=020  \\$a9780007469529
=035  \\$5O$aDAW23321181
=035  \\$aDAW23321181
=040  \\$dH
=082  \\$a823.914$223
=100  1\$aBallard, J. G.$1http://viaf.org/viaf/9842556$4http://rdaregistry.info/Elements/w/object/P10061
=245  10$aExtreme Metaphors
=250  \\$aUnabridged
=260  \\$aLondon$bHarperCollins Publishers$c2012
=599  \\$aDawson. Upgraded record to be provided.

