=LDR  00855cam a22002538i 4500
=001  22064164
=003  SE-LIBR
=005  20181003094235.0
=008  171206s1994\\\\xx\|||||||||||000\0|eng|d
=020  \\$a9780006547013$qpocket
=035  \\$a(BOKR)9780006547013
=040  \\$aBOKR$ei
=041  \\$aeng
=100  1\$aBallard, J. G.$4aut$1http://viaf.org/viaf/9842556$4http://rdaregistry.info/Elements/w/object/P10061
=245  10$aKindness of women
=263  \\$a199409
=264  \1$bHarpercollins Publishers,$c1994
=300  \\$a352 sidor$c19.6 cm
=336  \\$atext$btxt$2rdacontent
=337  \\$aunmediated$bn$2rdamedia
=338  \\$avolume$bnc$2rdacarrier
=340  \\$b19.6 cm
=599  \\$aMaskinellt genererad post. Ändra kod för fullständighetsnivå (leader/17), annars kommer manuellt gjorda ändringar att försvinna.

