=LDR  00908cam a22002658i 4500
=001  9kkq8p8n78bdnhtk
=003  SE-LIBR
=005  20181003103449.0
=008  181003s1995\\\\xx\|||||||||||000\0|eng|d
=020  \\$a9780006548140$qpocket
=035  \\$a(BOKR)9780006548140
=040  \\$aBOKR$ei
=041  \\$aeng
=100  1\$aBallard, J. G.$4aut$1http://viaf.org/viaf/9842556$4http://rdaregistry.info/Elements/w/object/P10061
=245  10$aRushing to paradise
=263  \\$a199509
=264  \1$bHarpercollins Publishers,$c1995
=300  \\$a240 sidor$c19.8 cm
=336  \\$btxt$2rdacontent
=337  \\$bn$2rdamedia
=338  \\$bnc$2rdacarrier
=340  \\$b19.8 cm
=599  \\$aMaskinellt genererad post. Ändra kod för fullständighetsnivå (leader/17), annars kommer manuellt gjorda ändringar att försvinna.
=655  \4$0https://id.kb.se/marc/NotFictionNotFurtherSpecified

