=LDR  00890cam a22002658i 4500
=001  21624438
=003  SE-LIBR
=005  20181003095631.0
=008  171002s1990\\\\xx\|||||||||||000\0|eng|d
=020  \\$a9780586089958$qpocket
=035  \\$a(BOKR)9780586089958
=040  \\$aBOKR$ei
=041  \\$aeng
=100  1\$aBallard, J. G.$4aut$1http://viaf.org/viaf/9842556$4http://rdaregistry.info/Elements/w/object/P10061
=245  10$aUnlimited dream company
=263  \\$a199006
=264  \1$bHarpercollins Publishers,$c1990
=300  \\$a224 sidor$c19.6 cm
=336  \\$atext$btxt$2rdacontent
=337  \\$aunmediated$bn$2rdamedia
=338  \\$avolume$bnc$2rdacarrier
=340  \\$b19.6 cm
=490  0\$aPALADIN BOOKS
=599  \\$aMaskinellt genererad post. Ändra kod för fullständighetsnivå (leader/17), annars kommer manuellt gjorda ändringar att försvinna.

