=LDR  00888cam a22002538i 4500
=001  21669523
=003  SE-LIBR
=005  20181003103323.0
=008  171009s1996\\\\xx\|||||||||||000\0|eng|d
=020  \\$a9780006548218$qpocket
=035  \\$a(BOKR)9780006548218
=040  \\$aBOKR$ei
=041  \\$aeng
=100  1\$aBallard, J. G.$4aut$1http://viaf.org/viaf/9842556$4http://rdaregistry.info/Elements/w/object/P10061
=245  10$aUsers guide to the millennium - essays and reviews
=263  \\$a199611
=264  \1$bHarpercollins Publishers,$c1996
=300  \\$a320 sidor$c19.5 cm
=336  \\$atext$btxt$2rdacontent
=337  \\$aunmediated$bn$2rdamedia
=338  \\$avolume$bnc$2rdacarrier
=340  \\$b19.5 cm
=599  \\$aMaskinellt genererad post. Ändra kod för fullständighetsnivå (leader/17), annars kommer manuellt gjorda ändringar att försvinna.

