=LDR  00685cam a22002177  4500
=001  5071144
=003  SE-LIBR
=005  20090422155632.0
=008  011211s1985\\\\xxk\\\\\\\\\\\000\0\eng\c
=020  \\$a0-586-03574-5 (hft.)
=035  \\$90586035745
=040  \\$aAK
=100  1\$aBallard, J. G.,$d1930-2009$0176668$1http://viaf.org/viaf/9842556$4http://rdaregistry.info/Elements/w/object/P10061
=245  04$aThe atrocity exhibition /$cJ. G. Ballard
=250  \\$aRepr.
=260  \\$aLondon :$bTriad/Panther Books,$c1985
=300  \\$a110 s.

