=LDR  00921cam a22002777  4500
=001  4458312
=003  SE-LIBR
=005  20090422155628.0
=008  011211s1996\\\\xxk\\\\\\\\\\\000\0\eng\c
=020  \\$a0-00-224135-8 ;$c£15.99 : CIP entry (Sep.)
=035  \\$90002241358
=040  \\$aNob
=082  \\$a823.914$220
=082  \\$a823.914$220
=084  \\$5Nob$aHe.01$2kssb/6
=100  1\$aBallard, J. G.,$d1930-2009$0176668$1http://viaf.org/viaf/9842556$4http://rdaregistry.info/Elements/w/object/P10061
=245  00$aCocaine nights /$cJ.G. Ballard
=260  \\$aLondon :$bFlamingo,$c1996
=300  \\$a328 s. ;$c24 cm
=650  \7$aEnglish fiction$y20th century$2BNB
=653  \\$5Nob$aStorbritannien

