=LDR  01010cam a22003017  4500
=001  8273004
=003  SE-LIBR
=005  20090422155620.0
=008  020113s2001\\\\xxk\\\\\\\\\\\000\j\eng\c
=020  \\$a0-00-712405-8 ;$c£25.00 : CIP entry (Nov.)
=035  \\$90007124058
=040  \\$aNob
=082  0\$a823.914$221
=082  0\$a823.914$221
=084  \\$5Nob$aHe.016$2kssb/6
=084  \\$aHe.016$2kssb/7
=100  1\$aBallard, J. G.,$d1930-2009$0176668$1http://viaf.org/viaf/9842556$4http://rdaregistry.info/Elements/w/object/P10061
=245  04$aThe complete short stories /$cJ.G. Ballard
=260  \\$aLondon :$bFlamingo,$c2001
=300  \\$a1189 s. ;$c24cm
=653  \\$5Nob$aStorbritannien

