=LDR  00812cam a22002537  4500
=001  4529117
=003  SE-LIBR
=005  20090422155607.0
=008  011211s1995\\\\xxk\\\\\\\\\\\000\0\eng\c
=020  \\$a0-09-976291-9
=035  \\$90099762919
=040  \\$aNob
=084  \\$5Nob$aHe.01$2kssb/6
=100  1\$aBallard, J. G.,$d1930-2009$0176668$1http://viaf.org/viaf/9842556$4http://rdaregistry.info/Elements/w/object/P10061
=240  10$aCrash$1http://viaf.org/viaf/305922109
=245  00$aCrash /$cJ.G. Ballard
=260  \\$aLondon :$bVintage,$c1995
=300  \\$a224 s.
=653  \\$5Nob$aStorbritannien

