=LDR  00624cam a22001937  4500
=001  10401745
=003  SE-LIBR
=005  20090422155615.0
=008  070404s1995\\\\xxk\\\\\\\\\\\000\0\eng\c
=020  \\$a0-374-52412-2
=040  \\$aLkhm
=100  1\$aBallard, J. G.,$d1930-2009$0176668$1http://viaf.org/viaf/9842556$4http://rdaregistry.info/Elements/w/object/P10061
=240  10$aCrash$1http://viaf.org/viaf/305922109
=245  00$aCrash /$cJ.G. Ballard
=260  \\$aNew York :$bThe Noonday Press,$c1996
=300  \\$a224 s.

