=LDR  01758cam a22003857a 4500
=001  17946419
=003  SE-LIBR
=005  20151110094858.0
=008  150511t19852014xxk|||||||||||000\f|eng|c
=020  \\$a9780586024195
=035  \\$aBTJ952557
=040  \\$aGbg$ea
=041  \\$aeng
=082  04$a823$222 (machine generated)
=084  \\$aHe.01$2kssb/8
=100  1\$aBallard, J. G.,$d1930-2009$0https://libris.kb.se/dbqssg6x38zr5cn#it$1http://viaf.org/viaf/9842556$4http://rdaregistry.info/Elements/w/object/P10061
=245  14$aThe Crystal World /$cJ.G. Ballard.
=264  \1$aLondon :$bFourth Estate,$c2014
=264  \1$c1985
=300  \\$a180 s.
=520  \\$aAdventure fiction. The West African jungle is turning into crystal. Everywhere plants, trees and animals are changing and men are fleeing except some foolhardy types who remain to drift, dazzled, through this spectacular dreamworld.
=655  \7$aScience fiction$0https://id.kb.se/term/saogf/Science%20fiction$2saogf

