=LDR  00640cam a22002057  4500
=001  5059350
=003  SE-LIBR
=005  20090422155552.0
=008  011211s1987\\\\xxk\\\\\\\\\\\000\0\eng\c
=020  \\$a0-575-04152-8
=035  \\$90575041528
=040  \\$aAK
=100  1\$aBallard, J. G.,$d1930-2009$0176668$1http://viaf.org/viaf/9842556$4http://rdaregistry.info/Elements/w/object/P10061
=245  04$aThe day of creation /$cJ.G. Ballard
=260  \\$aLondon :$bGollancz,$c1987
=300  \\$a254 s.

