=LDR  00941cam a22002897 r4500
=001  6252182
=003  SE-LIBR
=005  20090422155549.0
=008  011211s1987\\\\xxc\\\\\\\\\\\000\0\eng\c
=020  \\$a0-88619-181-5
=035  \\$90886191815
=040  \\$aG
=082  04$a823$222 (machine generated)
=084  \\$5G$aHe.01$2kssb/6
=084  \\$aHe.01$2kssb/6
=100  1\$aBallard, J. G.,$d1930-2009$0176668$1http://viaf.org/viaf/9842556$4http://rdaregistry.info/Elements/w/object/P10061
=245  04$aThe day of creation /$cJ.G. Ballard
=250  \\$a1. ed.
=260  \\$aToronto :$bLester & Orpen Dennys,$ccop. 1987
=300  \\$a254 s.
=775  18$iParallellupplaga$z0-575-04152-8$w0575041528

