=LDR  00747cam a22002417i 4500
=001  13506715
=003  SE-LIBR
=005  20120823105022.0
=008  120823s1985\\\\xxk|||||||||||||||j|eng||
=020  \\$a0-586-02307-0 (nid.)
=035  \\$a003081204
=041  0\$aeng
=082  04$a823.914$223/swe
=100  0\$aBallard, J. G.,$d1930-2009$0176668$1http://viaf.org/viaf/9842556$4http://rdaregistry.info/Elements/w/object/P10061
=245  14$aThe day of forever /$cJ. G. Ballard.
=250  \\$aRepr.
=260  \\$aLondon :$bPanther,$c1985.
=300  \\$a126 s.
=500  \\$aFirst publ. 1967

