=LDR  01327cam a2200325 a 4500
=001  9q8r7ljd78ln1cf3
=003  SE-LIBR
=005  20220105083718.0
=008  220105r20121976nyu|||||||||||000\f|eng|\
=020  \\$a9780871404015$qpbk.
=040  \\$aH$cDLC$dDLC$dH$ea
=041  \\$aeng
=042  \\$apcc
=082  00$a823/.914$223
=100  1\$aBallard, J. G.,$d1930-2009$4aut$0https://libris.kb.se/dbqssg6x38zr5cn#it$1http://viaf.org/viaf/9842556$4http://rdaregistry.info/Elements/w/object/P10061
=245  14$aThe drought /$cJ.G. Ballard.
=250  \\$aLiveright pbk.
=264  \1$aNew York ;$aLondon :$bLiveright Pub. Corp.$c2012
=300  \\$a238 p.$c21 cm.
=599  \\$aImported from: lx2.loc.gov:210/LCDB (Do not remove)
=650  \0$aDisasters$vFiction.
=655  \7$aDystopier$0https://id.kb.se/term/saogf/Dystopier$2saogf

