=LDR  03608cam a22006257a 4500
=001  14971500
=003  SE-LIBR
=005  20210315131001.0
=008  140115r20121965nyu|||||||||||000\f|eng|d
=020  \\$a9780871404060
=035  \\$aBTJ844909
=040  \\$aGbg$beng$dGBG$ea
=041  \\$aeng
=042  \\$apcc
=050  \0$aPR6052.A46
=082  00$a823/.914$223
=084  \\$aHe.01$2kssb/8
=100  1\$aBallard, J. G.,$d1930-2009$4aut$0https://libris.kb.se/dbqssg6x38zr5cn#it$1http://viaf.org/viaf/9842556$4http://rdaregistry.info/Elements/w/object/P10061
=245  14$aThe drowned world /$cBallard, J G.
=264  \1$aNew York :$bLiveright Pub. Corporation,$c[2012]
=300  \\$a198 pages$c22 cm
=336  \\$atext$btxt$2rdacontent
=337  \\$aunmediated$bn$2rdamedia
=338  \\$avolume$bnc$2rdacarrier
=500  \\$awith an introduction by Martin Amis
=505  8\$a"The Drowned World imagines a terrifying world in which global warming has melted the ice caps and primordial jungles have overrun a tropical London. Set during the year 2145, this novel follows biologist Dr. Robert Kearns and his team of scientists as they confront a cityscape in which nature is on the rampage and giant lizards, dragonflies, and insects fiercely compete for domination." -- Provided by publisher.
=520  \\$a"The Drowned World imagines a terrifying world in which global warming has melted the ice caps and primordial jungles have overrun a tropical London. Set during the year 2145, this novel follows biologist Dr. Robert Kearns and his team of scientists as they confront a cityscape in which nature is on the rampage and giant lizards, dragonflies, and insects fiercely compete for domination."--Provided by publisher.
=600  17$aEnglisch, ...$2gnd
=650  \0$aGlobal warming$vFiction.
=650  \7$aEnvironmental degradation$2lcsh
=650  \7$aFloods$2lcsh
=650  \7$aGlobal uppvärmning$0https://id.kb.se/term/sao/Global%20uppv%C3%A4rmning$2sao
=650  \7$aGlobal warming$2lcsh
=650  \7$aMiljöförstöring$0https://id.kb.se/term/sao/Milj%C3%B6f%C3%B6rst%C3%B6ring$2sao
=650  \7$aÖversvämningar$0https://id.kb.se/term/sao/%C3%96versv%C3%A4mningar$2sao
=651  \7$aStorbritannien$zLondon$0https://id.kb.se/term/sao/Storbritannien--London$2sao
=655  \7$aFramtidsskildringar$0https://id.kb.se/term/saogf/Framtidsskildringar$2saogf
=655  \7$aRomaner$0https://id.kb.se/term/saogf/Romaner$2saogf
=655  \7$aScience fiction$0https://id.kb.se/term/saogf/Science%20fiction$2saogf
=655  \7$aScience fiction.$2lcgft

