=LDR  01099cam a22003253  4500
=001  4933232
=003  SE-LIBR
=005  20090422155525.0
=008  011211s1994\\\\xxk\\\\\\\\\\\000\0\eng\c
=020  \\$a0-435-12342-4
=035  \\$90435123424
=040  \\$aUlä
=084  \\$5La$aHe.01$2kssb/6
=084  \\$5Mah$aHe.01$2kssb/6
=084  \\$5Ubl$aHe$2kssb/6
=100  1\$aBallard, J. G.,$d1930-2009$0176668$1http://viaf.org/viaf/9842556$4http://rdaregistry.info/Elements/w/object/P10061
=240  10$aEmpire of the sun$1http://viaf.org/viaf/180997771
=245  00$aEmpire of the sun /$cJ. G. Ballard
=260  \\$aOxford :$bHeinemann,$c1994
=300  \\$a269 s.
=490  0\$aHeinemann new windmills

