=LDR  00945cam a22002897  4500
=001  5059206
=003  SE-LIBR
=005  20120206164037.0
=008  011211s1984\\\\xxk\\\\\\\\\\\000\0\eng\c
=020  \\$a0-575-03483-1
=035  \\$90575034831
=040  \\$aUh
=082  04$a823$222 (machine generated)
=084  \\$5Uh$aHe.01$2kssb/5
=084  \\$aHe.01$2kssb/8
=100  1\$aBallard, J. G.,$d1930-2009$0176668$1http://viaf.org/viaf/9842556$4http://rdaregistry.info/Elements/w/object/P10061
=240  10$aEmpire of the sun$1http://viaf.org/viaf/180997771
=245  00$aEmpire of the sun /$cJ.G. Ballard
=260  \\$aLondon :$bGollancz,$c1984
=300  \\$a278 s.

