=LDR  00927cam a22002897  4500
=001  5071363
=003  SE-LIBR
=005  20090422155531.0
=008  011211r19881985xxk\\\\\\\\\\\000\0\eng\c
=020  \\$a0-586-06430-3
=035  \\$90586064303
=040  \\$aUstb
=082  04$a823$222 (machine generated)
=084  \\$5G$aHe.01$2kssb/6
=084  \\$aHe.01$2kssb/6
=100  1\$aBallard, J. G.,$d1930-2009$0176668$1http://viaf.org/viaf/9842556$4http://rdaregistry.info/Elements/w/object/P10061
=240  10$aEmpire of the sun$1http://viaf.org/viaf/180997771
=245  00$aEmpire of the sun /$cJ. G. Ballard
=250  \\$aRepr.
=260  \\$aLondon :$bGrafton Books,$c1985, pr. 1988
=300  \\$a351 s.

