=LDR  01944cam a22004457a 4500
=001  14700171
=003  SE-LIBR
=005  20151118182820.0
=008  130909r20111975xxk|||||||||||000\1|eng|c
=020  \\$a0586044566
=020  \\$a9780586044568
=035  \\$a6711781
=040  \\$aUPM$cUPM$dNIC$dLaib$ea
=041  \\$aeng
=042  \\$apcc
=050  \4$aPR6052.A46$bH54 2006
=082  04$a823.91$223
=100  1\$aBallard, J. G.,$d1930-2009$0https://libris.kb.se/dbqssg6x38zr5cn#it$1http://viaf.org/viaf/9842556$4http://rdaregistry.info/Elements/w/object/P10061
=240  10$aHigh-rise$1http://viaf.org/viaf/308016990
=245  10$aHigh-rise /$cJ. G. Ballard.
=246  3\$aHigh rise
=264  \1$aLondon :$bFourth Eastate,$c2011
=300  \\$a173, 18 p.$c20 cm.
=340  \\$b20 cm.
=500  \\$a"P.S., Ideas, interviews & features"--P. 1-18 for the second group.
=599  \\$aImported from: catalog.library.cornell.edu:7090/voyager (Do not remove)

