=LDR  00896cam a22002777  4500
=001  4458261
=003  SE-LIBR
=005  20090422155515.0
=008  011211s1991\\\\xxk\\\\\\\\\\\000\0\eng\c
=020  \\$a0-00-223771-7 (inb.)
=035  \\$90002237717
=040  \\$aAK
=082  04$a823$222 (machine generated)
=084  \\$5U$aHe.01$2kssb/6
=084  \\$aHe.01$2kssb/6
=100  1\$aBallard, J. G.,$d1930-2009$0176668$1http://viaf.org/viaf/9842556$4http://rdaregistry.info/Elements/w/object/P10061
=245  04$aThe kindness of women /$cJ.G. Ballard
=260  \\$aLondon :$bHarper Collins,$c1991
=300  \\$a286 s.

