=LDR  01329cam a22003257a 4500
=001  10217426
=003  SE-LIBR
=005  20120702135748.0
=008  060912s2006\\\\xxk|||||||||||000\||eng|c
=020  \\$a0007232462
=020  \\$a9780007232475
=040  \\$aNob$ea
=041  \\$aeng
=082  04$a829.8$223
=084  \\$aHe.01$2kssb/7
=100  1\$aBallard, J. G.,$d1930-2009$0https://libris.kb.se/dbqssg6x38zr5cn#it$1http://viaf.org/viaf/9842556$4http://rdaregistry.info/Elements/w/object/P10061
=240  10$aKingdom Come$1http://viaf.org/viaf/3952163159958701640003
=245  10$aKingdom come /$cJ.G. Ballard.
=264  \1$aLondon :$bFourth Estate,$c2006
=300  \\$a280 s.
=653  \\$5Nob$aStorbritannien

