=LDR  01144cam a22003377a 4500
=001  8991318
=003  SE-LIBR
=005  20090422155448.0
=008  030706s2003\\\\xxk\\\\\\\\\\\000\1\eng\c
=015  \\$aGBA3-W6166
=016  7\$a000225848x$2Uk
=020  \\$a0-00-225848-X :$c£17.99
=035  \\$a(Uk)000225848x
=040  \\$aStDuBDS$cStDuBDS$dUk$dNob
=082  04$a823.914$221
=084  \\$aHe.01$2kssb/7
=100  1\$aBallard, J. G.,$d1930-2009$0176668$1http://viaf.org/viaf/9842556$4http://rdaregistry.info/Elements/w/object/P10061
=245  10$aMillennium people /$cJ.G. Ballard
=260  \\$aLondon :$bFlamingo,$c2003
=263  \\$a200309
=300  \\$a294 s. ;$c22cm.
=650  \0$aMiddle class$zGreat Britain$vFiction.
=650  \0$aPolitical violence$zGreat Britain$vFiction.
=650  \0$aSocial change$zGreat Britain$vFiction.
=653  \\$5Nob$aStorbritannien

