=LDR  00868cam a22002657  4500
=001  4458311
=003  SE-LIBR
=005  20090422155428.0
=008  011211s1994\\\\xxk\\\\\\\\\\\000\0\eng\c
=020  \\$a0-00-224134-X
=035  \\$9000224134X
=040  \\$aNob
=084  \\$5Nob$aHe.01$2kssb/6
=100  1\$aBallard, J. G.,$d1930-2009$0176668$1http://viaf.org/viaf/9842556$4http://rdaregistry.info/Elements/w/object/P10061
=245  00$aRushing to paradise /$cJ.G. Ballard
=260  \\$aLondon :$bFlamingo,$c1994
=300  \\$a238 s.
=653  \\$5Nob$aStorbritannien

