=LDR  02039cam a22004693a 4500
=001  w90mclx1tt7zq4vv
=003  SE-LIBR
=005  20210602102331.0
=008  210602r20011973enk|||||||||||000\j|eng|d
=015  \\$aGB 98-V0828
=020  \\$a0099273586
=020  \\$a9780099273585
=035  \\$a(OCoLC)ocm59710865
=035  \\$a(OCoLC)ocm59710865
=040  \\$aBtj$beng$cEQO$dOCLCG$dOCLCA$dI8M$dOCLCQ$dSOI$dOCLCO$dOCLCF$dDHA$dOCLCQ$dUNITY$dBTJ$ea
=041  \\$aeng
=050  \4$aPR6052.A46
=082  04$a823.914$221
=084  \\$aHe.016$2kssb/8
=100  1\$aBallard, J. G.,$d1930-2009$4aut$0https://libris.kb.se/dbqssg6x38zr5cn#it$1http://viaf.org/viaf/9842556$4http://rdaregistry.info/Elements/w/object/P10061
=245  10$aVermilion Sands /$cJ.G. Ballard.
=264  \1$aLondon :$bVintage,$c2001
=300  \\$a208 sidor$c20 cm
=336  \\$atext$btxt$2rdacontent
=337  \\$aunmediated$bn$2rdamedia
=338  \\$avolume$bnc$2rdacarrier
=500  \\$aOriginally published: London : Jonathan Cape, 1973.
=520  \\$aVermilion Sands is J.G. Ballard's fantasy landscape of the future - a latter-day Palm Springs populated by forgotten movie queens, temperamental dilettantes and drugged beachcombers.
=599  \\$aImported from: zcat.oclc.org:210/OLUCWorldCat (Do not remove)
=650  \0$aFiction.
=655  \4$aFantasy fiction.
=655  \7$aNoveller$0https://id.kb.se/term/saogf/Noveller$2saogf
=655  \7$aScience fiction$0https://id.kb.se/term/saogf/Science%20fiction$2saogf
=866  \\$5Btj$aIGN$x404

