=LDR  00924cam a22002777  4500
=001  5060447
=003  SE-LIBR
=005  20090422155349.0
=008  011211r19971992xxk\\\\\\\\\\\000\j\eng\c
=020  \\$a0-575-40130-3 (hft) ;$c£5.99 : CIP entry (Nov.)
=035  \\$90575401303
=040  \\$aNob
=082  \\$a823.914$221
=082  \\$a823.914$221
=084  \\$5Nob$aHe.01$2kssb/6
=100  1\$aBallard, J. G.,$d1930-2009$0176668$1http://viaf.org/viaf/9842556$4http://rdaregistry.info/Elements/w/object/P10061
=245  04$aThe voices of time /$cJ.G. Ballard
=260  \\$aLondon :$bIndigo,$c1997
=300  \\$a197 s. ;$c20cm
=500  \\$aOriginally published: London: Orion, 1992
=653  \\$5Nob$aStorbritannien

