=LDR  00820cam a22002773a 4500
=001  11397597
=003  SE-LIBR
=005  20090422155743.0
=008  090421s1984\\\\xxk\\\\\\\\\\\\\0\\\eng\c
=020  \\$a0-460-02266-0
=035  \\$5Mo$a(Mo)b1006767
=040  \\$aMo
=041  0\$aeng
=082  04$a823$222 (machine generated)
=084  \\$aHe.016$2kssb/8
=100  1\$aBallard, J. G.,$d1930-2009$0176668$1http://viaf.org/viaf/9842556$4http://rdaregistry.info/Elements/w/object/P10061
=245  14$aThe voices of time /$cJ. G. Ballard
=260  \\$aLondon :$bDent,$c1984
=300  \\$a197 s
=440  \0$aEveryman fiction
=546  \\$5Mo$aengelska
=655  \4$aBok

