=LDR  00981cam a22002537  4500
=001  4862710
=003  SE-LIBR
=005  20090422155344.0
=008  011211s1991\\\\xxu|||||||||||000\0|eng|c
=020  \\$a0374286450$qinb.
=035  \\$90374286450
=040  \\$aAK
=041  \\$aeng
=100  1\$aBallard, J. G.,$d1930-2009$4aut$0https://libris.kb.se/dbqssg6x38zr5cn#it$1http://viaf.org/viaf/9842556$4http://rdaregistry.info/Elements/w/object/P10061
=245  10$aWar fever /$cJ.G. Ballard.
=250  \\$a1. American ed.
=264  \1$aNew York :$bFarrar, Straus, Giroux,$c1991
=300  \\$a175 s.

