=LDR  01120cam a2200301Ii 4500
=001  18636187
=003  SE-LIBR
=005  20151110133140.0
=008  151110r19741973nyu\\\\\\\\\\\000\1\eng\d
=020  \\$a0523004230
=035  \\$a(OCoLC)5543981
=040  \\$aTXA$cTXA$dOCL$dBGU
=100  1\$aBallard, J. G.,$d1930-2009.$0176668$1http://viaf.org/viaf/9842556$4http://rdaregistry.info/Elements/w/object/P10061
=240  10$aCrash$1http://viaf.org/viaf/305922109
=245  10$aCrash /$cby J. G. Ballard.
=260  \\$aNew York :$bPinnacle Books,$c1974, c1973.
=300  \\$a223 p. ;$c18 cm.
=500  \\$aFirst published by Farrar, Straus and Giroux in 1973.
=599  \\$aImported from: olc1.ohiolink.edu:210/INNOPAC (Do not remove)
=650  \0$aMale friendship$vFiction.
=650  \0$aObsessive-compulsive disorder$vFiction.
=650  \0$aTraffic accident victims$vFiction.
=650  \0$aTraffic accidents$vFiction.
=650  \0$aWomen$xCrimes against$vFiction.
=655  \7$aPsychological fiction.$2lcsh.

