=LDR  00870cam a22002657  4500
=001  4458849
=003  SE-LIBR
=005  20090422155353.0
=008  011211s2000\\\\xxk\\\\\\\\\\\000\f\eng\c
=020  \\$a0-00-225847-1 ;$c£16.99 : CIP entry (Sep.)
=035  \\$90002258471
=040  \\$aNob
=082  \\$a823.914$221
=082  \\$a823.914$221
=084  \\$5Nob$aHe.01$2kssb/6
=100  1\$aBallard, J. G.,$d1930-2009$0176668$1http://viaf.org/viaf/9842556$4http://rdaregistry.info/Elements/w/object/P10061
=245  00$aSuper-Cannes /$cby J.G. Ballard
=260  \\$aLondon :$bFlamingo,$c2000
=300  \\$a391 s. ;$c22cm
=653  \\$5Nob$aStorbritannien

