=LDR  00952cam a22002653  4500
=001  2836612
=003  SE-LIBR
=005  20090422155508.0
=008  011211s1996\\\\pl\|||||||||||000\0|pol|\
=020  \\$a8371693524
=035  \\$99929775773
=040  \\$aIlc
=041  1\$apol$heng
=082  04$a891.85$222 (machine generated)
=084  \\$aHmcee.01$2kssb/6
=100  1\$aBallard, J. G.,$d1930-2009$4aut$0https://libris.kb.se/dbqssg6x38zr5cn#it$1http://viaf.org/viaf/9842556$4http://rdaregistry.info/Elements/w/object/P10061
=240  10$aCocaone nights$lPolska
=245  10$aKokainowe noce /$cJ. G. Ballard ; przekład Grażyna Jagielska.
=264  \1$c1996
=500  \\$aOriginaluppl. 1996
=599  \\$aFörkortad katalogpost

