=LDR  01971cam a22005413  4500
=001  1242986
=003  SE-LIBR
=005  20090422155501.0
=008  011211s1971\\\\sw\\\\\\\\\\\\000\0\swe\c
=035  \\$5Mo$a(Mo)b1119841
=035  \\$99912943473
=040  \\$aL
=041  1\$aswe$heng
=082  04$a820$222 (machine generated)
=084  \\$5Mo$aHcee.01$2kssb/8
=084  \\$5S$aHce$2kssb/5
=084  \\$5U$aHce$2kssb/5
=084  \\$5Umdp$aHcee.01$2kssb/6
=084  \\$aHe=c$2kssb/7
=100  1\$aBallard, J. G.,$d1930-2009$0176668$1http://viaf.org/viaf/9842556$4http://rdaregistry.info/Elements/w/object/P10061
=245  00$aKristallvärlden /$cJ. G. Ballard ; översättning: Peter Stewart
=249  \4$aThe crystal world
=260  \\$aStockholm :$bWahlström & Widstrand,$c1971 ;$e(Malmö :$fNorden)
=300  \\$a195, [1] s.
=500  \\$5Mo$aFörsta svenska upplaga 1971
=500  \\$5Mo$aOrig:s titel The crystal world
=546  \\$5Mo$asvenska
=653  \\$5Mo$aScience fiction
=655  \4$5Mo$aBok

