=LDR  01853cam a22004217i 4500
=001  16981546
=003  SE-LIBR
=005  20190206131753.0
=008  140925s2014\\\\xxk|||||||||||000\1|eng|c
=020  \\$a9780007287024
=035  \\$aBTJ739295
=040  \\$aKld1$beng$ei$erda
=041  \\$aeng
=082  04$a823.914$223/swe
=084  \\$aHe.01$2kssb/8
=100  1\$aBallard, J. G.,$d1930-2009$4aut$0https://libris.kb.se/dbqssg6x38zr5cn#it$1http://viaf.org/viaf/9842556$4http://rdaregistry.info/Elements/w/object/P10061
=240  10$aCrash$1http://viaf.org/viaf/305922109
=245  10$aCrash /$cJ. G. Ballard ; [introduction by Zadie Smith].
=250  \\$aFourth Estate ed.
=264  \1$aLondon :$bFourth Estate,$c2014
=300  \\$axi, 192 pages
=336  \\$atext$btxt$2rdacontent
=337  \\$aunmediated$bn$2rdamedia
=338  \\$avolume$bnc$2rdacarrier
=500  \\$aFirst published in 1973
=655  \7$aRomaner$0https://id.kb.se/term/saogf/Romaner$2saogf
=655  \7$aSkönlitteratur$0https://id.kb.se/term/saogf/Sk%C3%B6nlitteratur$2saogf
=700  1\$aSmith, Zadie,$d1975-$4aui$0https://libris.kb.se/mkz135z53ltm7lv#it

