=LDR  04136cam a2200817   4500
=001  7281331
=003  SE-LIBR
=005  20090507170612.0
=008  011211s1988\\\\sw\|||||||||||000\f|swe|\
=020  \\$a9146155430$qINB.$c177:00
=035  \\$5Mo$a(Mo)b1276071
=035  \\$99146155430
=040  \\$aNB
=041  1\$aswe$heng
=042  \\$9NB
=082  04$a823$222 (machine generated)
=084  \\$5G$aHcee.01$2kssb/6
=084  \\$5Li$aHcee.01$2kssb/6
=084  \\$5Mo$aHcee.01$2kssb/8
=084  \\$5NB$aHce$2kssb
=084  \\$aHe.01=c$2kssb/6
=100  1\$aBallard, J. G.,$d1930-2009$4aut$0https://libris.kb.se/dbqssg6x38zr5cn#it$1http://viaf.org/viaf/9842556$4http://rdaregistry.info/Elements/w/object/P10061
=240  14$aThe day of creation$lSvenska
=245  10$aSkapelsens dag :$broman /$cJ.G. Ballard ; översättning: Hans-Jacob Nilsson.
=264  \1$aStockholm :$bWahlström & Widstrand,$c1988
=264  \3$aBorås :$bCentraltr.
=300  \\$a273, [1] s.$c23 cm
=500  \\$5Mo$aAnnan upplaga kan finnas vid biblioteket
=500  \\$5Mo$aFörsta svenska upplaga
=500  \\$5Mo$aOrig:s titel The day of creation
=500  \\$5Mo$asvenska
=500  \\$5Um$aSkönlitteratur. Annan uppl. kan finnas vid biblioteket
=599  \\$aLi:s
=653  \\$5Mo$aScience fiction
=655  \4$5Mo$aBok
=700  1\$aNilsson, Hans-Jacob,$d1949-$4trl$0https://libris.kb.se/53hlqmjp5grtqrd#it

