=LDR  04809cam a2200949   4500
=001  7281781
=003  SE-LIBR
=005  20190612172632.0
=008  011211s1992\\\\sw\|||||||||||000\f|swe|\
=020  \\$a9146161953$qINB.$c270:00
=035  \\$5Bo$a(Bo)172743
=035  \\$5Mo$a(Mo)b1060282
=035  \\$99146161953
=040  \\$aNB
=041  1\$aswe$heng
=042  \\$9NB$9SEE
=082  04$a823$222 (machine generated)
=083  0\$a839.78$222 (machine generated)
=084  \\$5G$aHcee.01$2kssb/6
=084  \\$5Mo$aHcee.01$2kssb/8
=084  \\$5NB$aHce$2kssb
=084  \\$5SEE$aHcee.01$2kssb/6
=084  \\$aHcee.01$2kssb/6
=084  \\$aHe.01=c$2kssb/6
=100  1\$aBallard, J. G.,$d1930-2009$0https://libris.kb.se/dbqssg6x38zr5cn#it$1http://viaf.org/viaf/9842556$4http://rdaregistry.info/Elements/w/object/P10061
=245  00$aKvinnors godhet /$cJ.G. Ballard ; översättning: Hans-Jacob Nilsson.
=249  \4$aThe kindness of women.
=264  \1$aStockholm :$bWahlström & Widstrand,$c1992
=264  \3$aBorås :$bCentraltr.
=300  \\$a322 s.$c24 cm
=340  \\$b24 cm
=500  \\$5Bo$aAnnan upplaga kan finnas vid biblioteket
=500  \\$5Mo$aAngående författarens härmed sammanhängande verk se: Solens rike
=500  \\$5Mo$aFörsta svenska upplaga
=500  \\$5Mo$aOrig:s titel The kindness of women
=500  \\$5Mo$asvenska
=500  \\$5Um$aSkönlitteratur. Annan uppl. kan finnas vid biblioteket
=500  \\$aFörsta svenska uppl. 1992
=650  \4$5Mo$amän
=650  \4$5Mo$apersonlig utveckling
=655  \4$5Mo$aBok
=700  1\$aNilsson, Hans-Jacob,$d1949-$4trl$0https://libris.kb.se/53hlqmjp5grtqrd#it

