=LDR  01113cam a22002898  4500
=001  4522652
=003  SE-LIBR
=005  20090422155432.0
=008  011211s1988\\\\xx\|||||||||||000\0|eng|\
=020  \\$a0091734983$c£5.95
=035  \\$90091734983
=040  \\$aLC
=041  \\$aeng
=100  1\$aBallard, J. G.,$d1930-2009$0https://libris.kb.se/dbqssg6x38zr5cn#it$1http://viaf.org/viaf/9842556$4http://rdaregistry.info/Elements/w/object/P10061
=240  10$aRunning Wild$1http://viaf.org/viaf/481153289950332770009
=245  00$aRunning wild /$cJ.G. Ballard ; with illustrations by Janet Woolley.
=264  \1$aLondon :$bHutchinson,$c1988
=300  \\$a72 p.$c25 cm.
=340  \\$b25 cm.
=490  1\$aA Hutchinson novella
=500  \\$aPRIORITY 3
=830  \0$aA Hutchinson novella

