=LDR  01601cam a2200433   4500
=001  7281342
=003  SE-LIBR
=005  20090507170612.0
=008  011211s1988\\\\sw\\\\\\\\\\\\000\f\swe\\
=020  \\$a91-46-15558-9 (inb.) ;$c90:00
=035  \\$99146155589
=040  \\$aNB
=041  1\$aswe$heng
=042  \\$9NB
=082  04$a823$222 (machine generated)
=084  \\$5NB$aHce$2kssb
=084  \\$aHe.01=c$2kssb/6
=100  1\$aBallard, J. G.,$d1930-2009$0176668$1http://viaf.org/viaf/9842556$4http://rdaregistry.info/Elements/w/object/P10061
=245  00$aSolens rike :$broman /$cJ.G. Ballard ; översättning av Hans-Jacob Nilsson
=249  \0$aEmpire of the sun.
=250  \\$a[Ny utg.]
=260  \\$aStockholm :$bWahlström & Widstrand,$c1988 ;$e(Södertälje :$fFingraf)
=300  \\$a319, [1] s. ;$c24 cm
=599  \\$aNB: Billighetsuppl. Förl. kallar den för kartonnage
=700  1\$aNilsson, Hans-Jacob,$d1949-$4trl$0322971

