=LDR  00844cam a22002537a 4500
=001  9864817
=003  SE-LIBR
=005  20090422155535.0
=008  050421s1988\\\\fr\||||\\\\\\|00|\||fre\c
=020  \\$a2-207-23126-7
=035  \\$a2207231267
=040  \\$aQ
=041  1\$afre$heng
=082  04$a823$222 (machine generated)
=084  \\$aHe.01=j$2kssb/7
=100  1\$aBallard, J. G.,$d1930-2009$0176668$1http://viaf.org/viaf/9842556$4http://rdaregistry.info/Elements/w/object/P10061
=240  00$aEmpire of the sun.$lFranska$1http://viaf.org/viaf/180997771
=245  00$aEmpire du soleil :$broman /$cJ. G. Ballard ; traduit de l'anglais par Elisabeth Gille
=260  \\$aParis :$bDenoöel,$c1988
=300  \\$a330 s.

