=LDR  05061cam a2201021   4500
=001  7281918
=003  SE-LIBR
=005  20190612172656.0
=008  011211s1993\\\\sw\|||||||||||001\j|swe|\
=020  \\$a9146163794$qINB.$c235:00
=035  \\$5Mo$a(Mo)b1060359
=035  \\$99146163794
=040  \\$aNB
=041  1\$aswe$heng
=042  \\$9NB$9SEE
=082  04$a823$222 (machine generated)
=083  0\$a839.78$222 (machine generated)
=084  \\$5G$aHcee.016$2kssb/6
=084  \\$5Li$aHcee.01$2kssb/6
=084  \\$5Mo$aHcee.016$2kssb/8
=084  \\$5NB$aHce$2kssb
=084  \\$5SEE$aHcee.016$2kssb/6
=084  \\$aHcee.01$2kssb/6
=084  \\$aHcee.016$2kssb/6
=084  \\$aHe.016=c$2kssb/6
=100  1\$aBallard, J. G.,$d1930-2009$0https://libris.kb.se/dbqssg6x38zr5cn#it$1http://viaf.org/viaf/9842556$4http://rdaregistry.info/Elements/w/object/P10061
=245  00$aKrigsfeber /$cJ.G. Ballard ; till svenska av Hans-Jacob Nilsson.
=249  \0$aWar fever.
=264  \1$aStockholm :$bWahlström & Widstrand,$c1993
=264  \3$aBorås :$bCentraltr.
=300  \\$a221, [1] s.$c24 cm
=340  \\$b24 cm
=500  \\$5Mo$aFörsta svenska upplaga
=500  \\$5Mo$aOrig:s titel War fever
=500  \\$5Mo$asvenska
=500  \\$5Um$aSkönlitteratur. Annan uppl. kan finnas vid biblioteket
=500  \\$aFörsta svenska uppl. 1993
=599  \\$aLi:S
=653  \\$5Mo$aScience fiction
=655  \4$5Mo$aBok
=700  1\$aNilsson, Hans-Jacob,$d1949-$4trl$0https://libris.kb.se/53hlqmjp5grtqrd#it

