=LDR  01977cam a22004697  4500
=001  19887406
=003  SE-LIBR
=005  20200525092634.0
=008  161125s2008\\\\sp\|||||||||||000\f|spa|c
=015  \\$aMON0810
=017  \\$aB 9617-2008$bOficina Depósito Legal Barcelona
=020  \\$a9788445076972
=035  \\$a(SpMaBN)a4283714
=040  \\$aSpMaBN$bspa$cSpMaBN$dIlc$erdc
=041  1\$aspa$heng
=080  \\$a821.111-31"19"
=082  04$a860$222 (machine generated)
=084  \\$aHkee. 01$2kssb/8
=100  1\$aBallard, J. G.,$d1930-2009$4aut$0https://libris.kb.se/dbqssg6x38zr5cn#it$1http://viaf.org/viaf/9842556$4http://rdaregistry.info/Elements/w/object/P10061
=240  10$aCocaine nights$lSpanska
=245  10$aNoches de cocaína /$cJ.G. Ballard ; traducción de Silvia Komet y M. Figueroa.
=250  \\$a1ª ed. en esta presentación en Colección Booket
=264  \1$aBarcelona :$bBooket,$c2008
=300  \\$a379 p.
=490  1\$aNovela (Booket (Editorial)) ;$v2226
=599  \\$aImported from: sigb.bne.es:2200/unicorn (Do not remove)
=655  \7$aDeckare$0https://id.kb.se/term/saogf/Deckare$2saogf
=830  \0$aNovela (Booket (Editorial)) ;$v2226

