=LDR  04727cam a22010577a 4500
=001  17978179
=003  SE-LIBR
=005  20160325084054.0
=008  150522s2016\\\\xxk|||||||||||000\1|eng|d
=020  \\$a9780008134891
=035  \\$a(BOKR)9780008134891
=040  \\$aBOKR$dVasb$ea
=041  \\$aeng
=082  04$a823$222 (machine generated)
=084  \\$aHe.01$2kssb/8
=100  1\$aBallard, J. G.,$d1930-2009$0https://libris.kb.se/dbqssg6x38zr5cn#it$1http://viaf.org/viaf/9842556$4http://rdaregistry.info/Elements/w/object/P10061
=240  10$aHigh-rise$1http://viaf.org/viaf/308016990
=245  10$aHigh-rise
=263  \\$a201603
=264  \1$aLondon :$b4th estate,$c2016
=300  \\$a248 s.$c20 cm
=340  \\$b20 cm
=655  \7$aDystopier$0https://id.kb.se/term/saogf/Dystopier$2saogf
=655  \7$aSkönlitteratur$0https://id.kb.se/term/saogf/Sk%C3%B6nlitteratur$2saogf

