=LDR  02650nam a22005777i 4500
=001  q4xv4mm2nlwsmnws
=003  SE-LIBR
=005  20210622155229.0
=008  210622s2017\\\\xxu|||||||||||000\0|eng|c
=020  \\$a9780252082955
=040  \\$aBtj$bswe$ei$erda
=041  \\$aeng
=082  04$a809$222 (machine generated)
=083  0\$a920.7$222 (machine generated)
=084  \\$aGz Ballard, J. G.$2kssb/8
=084  \\$aLz Ballard, J. G.$2kssb/8
=100  1\$aWilson, D. Harlan,$d1971-$4aut
=245  10$aJ.G. Ballard /$cD. Harlan Wilson.
=264  \1$aUrbana :$bUniversity of Illinois Press,$c[2017]
=300  \\$a197 sidor
=336  \\$atext$btxt$2rdacontent
=337  \\$aunmediated$bn$2rdamedia
=338  \\$avolume$bnc$2rdacarrier
=600  14$aBallard, J. G.,$d1930-2009$0https://libris.kb.se/dbqssg6x38zr5cn#it
=650  \0$aAuthors, English
=650  \0$aScience fiction, English
=650  \7$aEngelsk science fiction$0https://id.kb.se/term/sao/Engelsk%20science%20fiction$2sao
=650  \7$aEngelska författare$0https://id.kb.se/term/sao/Engelska%20f%C3%B6rfattare$2sao
=655  \7$aAnalys och tolkning$0https://id.kb.se/term/saogf/Analys%20och%20tolkning$2saogf
=866  \\$5Btj$aBM=B; ORG=P049$x605

