=LDR  01603cam a22003737  4500
=001  5548480
=003  SE-LIBR
=005  20180212090923.0
=008  011211s1998\\\\xxk|||||||||||000\0|eng|c
=020  \\$a0746308671$c£7.99
=035  \\$90746308671
=040  \\$aL*
=041  \\$aeng
=082  \4$a823.914$221
=082  \4$a823.914$221
=084  \\$5Lsol$aGez Ballard, James Graham$2kssb/6
=100  1\$aDelville, Michel$4aut
=245  10$aJ.G. Ballard /$cMichel Delville.
=264  \1$aPlymouth :$bNorthcote House in association with the British Council,$c1998
=300  \\$ax, 102 s.
=490  1\$aWriters and their work (Plymoth),$x99-2351862-0
=600  14$5Lsol$aBallard, James Graham
=600  14$aBallard, J. G.,$d1930-2009$0https://libris.kb.se/dbqssg6x38zr5cn#it
=655  \7$aAnalys och tolkning$0https://id.kb.se/term/saogf/Analys%20och%20tolkning$2saogf
=830  \0$aWriters and their work (Plymoth),$x99-2351862-0

