=LDR  01850cam a22003737i 4500
=001  9896996
=003  SE-LIBR
=005  20190503153409.0
=008  050609s1974\\\\xxka||||||||||000\0|eng|c
=020  \\$a0330239147
=035  \\$90330239147
=040  \\$aOh$ei
=041  \\$aeng
=082  04$a709.2$222 (machine generated)
=084  \\$aIbz Dalí, Salvador$2kssb/7
=100  1\$aDalí, Salvador,$d1904-1989$0https://libris.kb.se/53hkkgbp4h22cm8#it
=245  00$aDali /$cwith an introduction by J. G. Ballard ; edited by David Larkin.
=264  \1$aLondon :$bPan Books,$c1974
=300  \\$a[10] s., [40] pl.-bl.$bill.$c30 cm
=340  \\$b30 cm
=600  14$aDalí, Salvador,$d1904-1989$0https://libris.kb.se/53hkkgbp4h22cm8#it
=700  1\$aBallard, J. G.,$d1930-2009$eunspecifiedContributor$4oth$0https://libris.kb.se/dbqssg6x38zr5cn#it
=700  1\$aLarkin, David,$d1936-$eunspecifiedContributor$4oth$0https://libris.kb.se/xv8cgm0g0vlm9mj#it

