=LDR  01496cam a22003493a 4500
=001  10247567
=003  SE-LIBR
=005  20090422155658.0
=008  061027s\\\\\\\\xxk||||\\\\\\|00|\||eng\c
=020  \\$a0-00-720444-2
=040  \\$aLkhm
=082  04$a820$222 (machine generated)
=084  \\$aHe$2kssb/7
=100  1\$aBurroughs, William S.,$d1914-1997$0179750
=245  10$aNaked Lunch:$bThe restored text/$cedited by James Grauerholz and Barry Miles. With an introduction by J.G. Ballard
=250  \\$a2. ed.
=260  \\$aLondon:$bHarper Perennial,$c2005
=300  \\$a289 s. :$bill.
=700  1\$aBallard, J. G.,$d1930-2009$4ed.$0176668
=700  1\$aGrauerholz, James$4ed.
=700  1\$aMiles, Barry$4ed.

