=LDR  02493cam a2200553 i 4500
=001  n2h0pxhxlw7bbmv6
=003  SE-LIBR
=005  20211209113627.0
=008  211201s2021\\\\sw\|||||||||||000\j|swe|c
=020  \\$a9789151969374$qhäftad
=040  \\$aL$bswe$dS$ei$erda
=041  \\$aswe
=041  \\$aswe
=041  1\$aswe$heng
=042  \\$9NB
=082  04$a824.92$223/swe
=083  0\$a823.914$223/swe
=245  10$aSystem och ting :$bvital materialism och objektorienterad filosofi /$cJane Bennett ; översättning: Anders Karlin ; förord: Jesper Olsson. Prima Belladonna / J. G. Ballard ; översättning: Thomas Andersson.
=264  \1$a[Stockholm] :$b[Sensorium editions] :$bHelge Ax:son Johnsons stiftelse :$bLetterstedtska föreningen,$c[2021]
=264  \3$aGöteborg :$bGöteborgstryckeriet,$c2021
=300  \\$a42, 25 sidor$c17 cm
=336  \\$atext$btxt$2rdacontent
=337  \\$aunmediated$bn$2rdamedia
=338  \\$avolume$bnc$2rdacarrier
=490  0\$aKartotek ;$v4A-B
=500  \\$aTête-bêche-bok
=655  \7$aEssäer$0https://id.kb.se/term/saogf/Ess%C3%A4er$2saogf
=655  \7$aNoveller$0https://id.kb.se/term/saogf/Noveller$2saogf
=700  1\$aOlsson, Jesper$4aui
=700  12$aBallard, J. G.,$d1930-2009$tPrima Belladonna$lSvenska$4aut
=700  12$aBennett, Jane$tSystems and things$lSvenska$4aut
=740  0\$aPrima Belladonna
=830  \0$aKartotek ;$v4A-B

