=LDR  02172cam a22005177a 4500
=001  12200025
=003  SE-LIBR
=005  20160109084154.0
=008  110531r20102009enk\\\\\\\\\\\000\f\eng\\
=015  \\$aGBA9C4744$2bnb
=016  7\$a015447763$2Uk
=020  \\$a978-0-00-734190-0 (pbk.)
=035  \\$a(OCoLC)489631307
=040  \\$aUKM$cUKM$dYDXCP$dD
=082  04$a813.54$222
=100  1\$aBurroughs, William S.,$d1914-1997.$0179750
=245  10$aNaked lunch :$bthe restored text /$cWilliam Burroughs ; edited by James Grauerholz and Barry Miles ; with an introduction by J. G. Ballard
=250  \\$a50th anniversary ed.
=260  \\$aLondon :$bFourth Estate,$c2010
=300  \\$a289, 20 p.;$c20 cm
=500  \\$aThis ed. originally published: 2009.
=650  \0$aBlack humor
=650  \0$aDrug abuse$vFiction.
=650  \7$aNarkotikamissbruk$vskönlitteratur$2sao
=653  \\$5D$aSkönlitteratur: amerikansk: romaner och noveller
=655  \0$aBlack humor.
=655  \7$aSvart humor$2sao
=700  1\$aBallard, J. G.,$d1930-2009$4aui$0176668
=700  1\$aGrauerholz, James$4edt
=700  1\$aMiles, Barry$4edt

