=LDR  03096cam a22007097a 4500
=001  11619974
=003  SE-LIBR
=005  20161121094346.0
=008  091008s2004\\\\xxk\\\\\\\\\\\000\0\eng\\
=020  \\$a9780099458203
=040  \\$aGbg
=041  1\$aeng
=082  04$a152.1$222 (machine generated)
=084  \\$aDodb$2kssb/8
=100  1\$aHuxley, Aldous,$d1894-1963.$0242878
=245  14$aThe doors of perception ; Heaven and hell /$cAldous Huxley ; with a foreword by J. G. Ballard ; and a biographical introduction by David Bradshaw
=260  \\$aLondon :$bVintage books,$c2004
=300  \\$a123 s.
=490  1\$aVintage classics
=650  \0$aPerception$0165258
=650  \0$aSenses and sensation
=650  \7$aPerception$2sao$0165258
=650  \7$aSinnen och förnimmelser$2sao$0146299
=700  1\$aBallard, J. G$4oth
=700  1\$aBradshaw, David$4oth
=700  12$aHuxley, Aldous,$d1894-1963$tHeaven and hell$0242878

