=LDR  06094cam a22012013a 4500
=001  109698
=003  SE-LIBR
=005  20170830170838.0
=008  011211s1973\\\\sw\|||||||||||000\1|swe|c
=020  \\$a9172280131
=035  \\$5Ubl$81.2
=035  \\$5Ubl$a1164-26460$81.1
=035  \\$99172280131
=040  \\$aKd$ea
=041  1\$aswe$heng
=082  04$a839.78$222 (machine generated)
=083  0\$a823$222 (machine generated)
=084  \\$5L$aH$2kssb/5
=084  \\$5Li$aHce(s)$2kssb/5
=084  \\$5O$aHce(s)$2kssb/6
=084  \\$5Q$aH=c$2kssb/5
=084  \\$5S$aHce(s)$2kssb/5
=084  \\$5Ubl$aHce(s)$2kssb/5
=084  \\$aHce(s)$2kssb/5
=084  \\$aHcee.01(s)$2kssb/6
=245  10$aDet hände i morgon :$ben science fiction-antologi.$n[1] /$cövers. Gunnar Hedberg ..
=264  \1$aBromma :$bDelta,$c1973
=264  \3$aVänersborg :$bVänersborgs boktr.
=300  \\$a197 s.
=500  \\$aÖvers. av valda noveller
=505  8\$aEn biljett till Tranai / Robert Scheckley -- Robot på avvägar / Isaac Asimov -- Sanningens ögonblick / Brian W. Aldiss -- Till ett bättre klot / Ray Bradbury -- Subliminal reklam / J.G. Ballard -- Minnen en gros / Philip K. Dick -- Experimentet / Fredric Brown -- Mördande reklam / Frederik Pohl -- Ms fnt i t bltk / Hal Draper -- En historielektion / Arthur C. Clarke
=700  1\$aAldiss, Brian W.,$d1925-2017.
=700  1\$aAsimov, Isaac,$d1920-1992$0https://libris.kb.se/sq466txb40653h3#it
=700  1\$aBallard, J. G.,$d1930-2009$0https://libris.kb.se/dbqssg6x38zr5cn#it
=700  1\$aBradbury, Ray,$d1920-2012.
=700  1\$aBrown, Fredric
=700  1\$aClarke, Arthur C.$q(Arthur Charles),$d1917-2008$0https://libris.kb.se/qn2440884nx4nwn#it
=700  1\$aDick, Philip K
=700  1\$aDraper, Hal
=700  1\$aHedberg, Gunnar$4trl
=700  1\$aLundwall, Sam J.,$d1941-$4edt$0https://libris.kb.se/53hkfclp22khvjx#it
=700  1\$aPohl, Frederik
=700  1\$aScheckley, Robert
=772  00$tDet hände i morgon : en science fiction-antologi$dBromma : Delta, 1973-1983$kDelta science fiction$w9901055415
=866  \\$5L$a1-18
=866  \\$5Li$zEnstaka delar
=866  \\$5O$a1-$xDelarna specificerade
=866  \\$5Q$a1-$xDelarna specificerade
=866  \\$5S$a1-18$xDelarna specificerade
=866  \\$5U$a1-$xDelarna specificerade
=866  \\$5Um$zSkönlitteratur. Annan uppl. kan finnas vid biblioteket

