=LDR  03011nam a22004935a 4500
=001  p0vnk7nbmhc5wpvv
=003  SE-LIBR
=005  20190515134107.0
=007  cr\|||\\\|||||\\\\\\\\\
=008  190515s1998\\\\xx\|||||o|||||000\0|und|d
=020  \\$z0746308671 (Print)
=020  \\$z9780746308677 (Print)
=035  \\$5Kdig$a(EBZ)ebs19009651e
=035  \\$5Odig$a(ALMA)999575055603663
=035  \\$a(WaSeSS)ssib032304726
=040  \\$aSEK$ea
=041  \\$aund
=100  1\$aDelville, Michel$4aut
=245  10$aJ.G.Ballard$h[Elektronisk resurs]
=264  \1$c1998
=599  \\$5Hdig$aSFX
=599  \\$5Kdig$aEBZ
=599  \\$5Miun$aSFX
=599  \\$5Odig$aALMA
=599  \\$aMaskinellt genererad post. Ändra kod för fullständighetsnivå (leader/17), annars kommer manuellt gjorda ändringar att försvinna.
=599  \\$aWaSeSS
=776  08$iPrint$tJ.G.Ballard$z0746308671$z9780746308677
=856  40$5Hdig$uhttp://link.sub.su.se/sfxsub?url_ver=Z39.88-2004&ctx_ver=Z39.88-2004&ctx_enc=info:ofi/enc:UTF-8&rfr_id=info:sid/sfxit.com:opac_856&url_ctx_fmt=info:ofi/fmt:kev:mtx:ctx&sfx.ignore_date_threshold=1&rft.object_id=4100000006673537&svc_val_fmt=info:ofi/fmt:kev:mtx:sch_svc&$zTillgänglig för användare inom Stockholms universitet$zJSTOR Books EBA Pilot:Full Text
=856  40$5Kdig$uhttps://www.jstor.org/stable/10.2307/j.ctv5rdws1$zOnline access for KaU$zBooks at JSTOR: Evidence-Based Acquisition$zfulltext
=856  40$5Miun$uhttp://sfxeu11.hosted.exlibrisgroup.com/sfxmiu/?url_ver=Z39.88-2004&ctx_ver=Z39.88-2004&ctx_enc=info:ofi/enc:UTF-8&rfr_id=info:sid/sfxit.com:opac_856&url_ctx_fmt=info:ofi/fmt:kev:mtx:ctx&sfx.ignore_date_threshold=1&rft.object_id=4100000006673537&svc_val_fmt=info:ofi/fmt:kev:mtx:sch_svc&$zStudent portal login$zJSTOR Unlimited Usage DDA Book Titles:Full Text
=856  40$5Odig$uhttps://openurl.oru.se?u.ignore_date_coverage=true&rft.mms_id=999575055603663$zTillgänglig inom Örebro universitet och externt för studenter och anställda vid universitetet$zfulltext$zJSTOR Books EBA

