=LDR  01304nam a22002535  4500
=001  19765417
=003  SE-LIBR
=005  20161018152927.0
=007  cr\|||\\\|||||\\\\\\\\\
=008  161018s2016\\\\xx\|||||o|||||000\||eng|d
=020  \\$z9004313869 (print)
=035  \\$a(SFX)3710000000749633
=041  \\$aeng
=245  10$aJ.G. Ballard$h[Elektronisk resurs]
=264  \1$c2016
=599  \\$5Hdig$aSFX
=599  \\$aMaskinellt genererad post. Ändra kod för fullständighetsnivå (leader/17), annars kommer manuellt gjorda ändringar att försvinna.
=599  \\$aSFX
=776  08$iPrint:$tJ.G. Ballard$z9004313869
=856  40$5Hdig$uhttp://link.sub.su.se/sfxsub?url_ver=Z39.88-2004&ctx_ver=Z39.88-2004&ctx_enc=info:ofi/enc:UTF-8&rfr_id=info:sid/sfxit.com:opac_856&url_ctx_fmt=info:ofi/fmt:kev:mtx:ctx&sfx.ignore_date_threshold=1&rft.object_id=3710000000749633&svc_val_fmt=info:ofi/fmt:kev:mtx:sch_svc&$zTillgänglig för användare inom Stockholms universitet$zBrill Online Books:Full Text

