=LDR  12920nam a22018855a 4500
=001  2br8thsq0x451nsr
=003  SE-LIBR
=005  20190119081437.0
=007  cr\|||\\\|||||\\\\\\\\\
=008  190119s2017\\\\xx\|||||o|||||000\0|und|d
=020  \\$z9780252041433 (Print)
=035  \\$5AlbE$a(ALMA)991001028336303631
=035  \\$5Bthd$a(WaSeSS)ssj0001912518
=035  \\$5Hald$a(ALMA)991000854420505936
=035  \\$5HdE$a(WaSeSS)ssj0001912518
=035  \\$5Hibd$a(ALMA)993662036103662
=035  \\$5HigE$a(EBZ)ebs15402081e
=035  \\$5JonE$a(ALMA)998207241503831
=035  \\$5Jsld$a(ALMA)9920867295905121
=035  \\$5Kdig$a(EBZ)ebs15402081e
=035  \\$5LiUd$a(EBZ)ebs15402081e
=035  \\$5LnuE$a(ALMA)997146615003661
=035  \\$5LTUd$a(EBZ)ebs15402081e
=035  \\$5Maud$a(EBZ)ebs15402081e
=035  \\$5Mdhd$a(ALMA)991001148145803211
=035  \\$5Odig$a(ALMA)999517253103663
=035  \\$5Pvd$a(EBZ)ebs15402081e
=035  \\$5Qdig$a(ALMA)9921586115404996
=035  \\$5ThsE$a(EBZ)ebs15402081e
=035  \\$5Udix$a(WaSeSS)ssj0001912518
=035  \\$5Zdig$a(EBZ)ebs15402081e
=035  \\$a(EBZ)ebs15402081e
=040  \\$aSEK$ea
=041  \\$aund
=100  1\$aWilson, D. Harlan$4aut
=245  10$aJ. G. Ballard$h[Elektronisk resurs]
=264  \1$bUniversity of Illinois Press,$c2017
=500  \\$aBook
=599  \\$5AlbE$aALMA
=599  \\$5Bthd$aWaSeSS
=599  \\$5Hald$aALMA
=599  \\$5HdE$aWaSeSS
=599  \\$5Hdig$aSFX
=599  \\$5Hibd$aALMA
=599  \\$5HigE$aEBZ
=599  \\$5JonE$aALMA
=599  \\$5Jsld$aALMA
=599  \\$5Kdig$aEBZ
=599  \\$5LiUd$aEBZ
=599  \\$5LnuE$aALMA
=599  \\$5LTUd$aEBZ
=599  \\$5Maud$aEBZ
=599  \\$5Mdhd$aALMA
=599  \\$5Miun$aSFX
=599  \\$5Odig$aALMA
=599  \\$5Pvd$aEBZ
=599  \\$5Qdig$aALMA
=599  \\$5ThsE$aEBZ
=599  \\$5Udix$aWaSeSS
=599  \\$5Zdig$aEBZ
=599  \\$aEBZ
=599  \\$aMaskinellt genererad post. Ändra kod för fullständighetsnivå (leader/17), annars kommer manuellt gjorda ändringar att försvinna.
=650  \4$aBIOGRAPHY & AUTOBIOGRAPHY / Literary Figures
=650  \4$aLITERARY CRITICISM / General
=650  \4$aLITERARY CRITICISM / Science Fiction & Fantasy
=776  08$iPrint$tJ. G. Ballard$z978-0-252-04143-3
=856  40$5AlbE$uhttps://anna-lindh.primo.exlibrisgroup.com/openurl/46LIBRIS_ALB_INST/46LIBRIS_ALB_INST:46ALB_VU1?u.ignore_date_coverage=true&rft.mms_id=991001028336303631$zTillgänglig för användare inom Försvarshögskolan/Anna Lindh-biblioteket$zfulltext$zEBSCOhost Ebook Academic Collection
=856  40$5Bthd$uhttps://miman.bib.bth.se/login?url=https://ebookcentral.proquest.com/lib/bthbib-ebooks/detail.action?docID=5161247$zOnline access for BTH$zEbook Central All Subscribed Titles
=856  40$5Hald$uhttps://hh.alma.exlibrisgroup.com/openurl/46LIBRIS_HIH_INST/46LIBRIS_HIH_INST:46LIBRIS_HIH_View?u.ignore_date_coverage=true&rft.mms_id=991000854420505936$zTillgänglig för användare inom Högskolan i Halmstad$zfulltext$zEbook Central Academic Complete
=856  40$5HdE$uhttp://www.du.se/proxy.aspx?url=https://ebookcentral.proquest.com/lib/dalarna/detail.action?docID=5161247$zOnline access for Högskolan Dalarna$zEbook Central All Subscribed Titles
=856  40$5Hdig$uhttp://link.sub.su.se/sfxsub?url_ver=Z39.88-2004&ctx_ver=Z39.88-2004&ctx_enc=info:ofi/enc:UTF-8&rfr_id=info:sid/sfxit.com:opac_856&url_ctx_fmt=info:ofi/fmt:kev:mtx:ctx&sfx.ignore_date_threshold=1&rft.object_id=3790000000536307&svc_val_fmt=info:ofi/fmt:kev:mtx:sch_svc&$zTillgänglig för användare inom Stockholms universitet$zEbook Central Academic Complete International Edition:Full Text$zJSTOR Books EBA Pilot:Full Text
=856  40$5Hibd$uhttps://gslg-hb.primo.exlibrisgroup.com/openurl/46GSLG_BORAS/46GSLG_BORAS:46BORAS_V1?u.ignore_date_coverage=true&rft.mms_id=993662036103662$zTillgänglig för användare inom Högskolan i Borås$zfulltext$zEbook Central Academic Complete
=856  40$5HigE$uhttps://search.ebscohost.com/login.aspx?direct=true&scope=site&db=e000xww&AN=1488531&authtype=shib&custid=s3912055$zEndast för användare inom Högskolan i Gävle$zeBook Academic Collection (EBSCOhost) - Worldwide$zfulltext
=856  40$5HigE$uhttps://search.ebscohost.com/login.aspx?direct=true&scope=site&db=nlebk&db=nlabk&AN=1488531&authtype=shib&custid=s3912055$zEndast för användare inom Högskolan i Gävle$zEBSCO eBooks$zfulltext
=856  40$5JonE$uhttps://primo.library.ju.se/openurl/JUL/46JUL_INST:jul?u.ignore_date_coverage=true&rft.mms_id=998207241503831$zOnline access for JON$zfulltext$zEbook Central
=856  40$5Jsld$uhttps://slu.primo.exlibrisgroup.com/openurl/46SLUB_INST/46SLUB_INST:SLUB_V1?u.ignore_date_coverage=true&rft.mms_id=9920867295905121$zOnline access for SLUB$zfulltext$zEbook Central
=856  40$5Kdig$uhttps://login.bibproxy.kau.se:8443/login?url=https://search.ebscohost.com/login.aspx?direct=true&scope=site&db=e000xww&AN=1488531$zOnline access for KaU$zeBook Academic Collection (EBSCOhost) - Worldwide$zfulltext
=856  40$5Kdig$uhttps://login.bibproxy.kau.se:8443/login?url=https://search.ebscohost.com/login.aspx?direct=true&scope=site&db=nlebk&db=nlabk&AN=1488531$zOnline access for KaU$zEBSCO eBooks$zfulltext
=856  40$5Kdig$uhttps://www.jstor.org/stable/10.5406/j.ctt1x76dhn$zOnline access for KaU$zBooks at JSTOR: Evidence-Based Acquisition$zfulltext
=856  40$5LiUd$uhttps://login.e.bibl.liu.se/login?url=https://ebookcentral.proquest.com/lib/linkoping-ebooks/detail.action?docID=5161247$zExtern tillgång endast anställda och studenter vid LiU$zProQuest Ebook Central - Academic Complete
=856  40$5LnuE$uhttp://link.lnu.se/openurl?u.ignore_date_coverage=true&rft.mms_id=997146615003661$zOnline access for Linnaeus University$zfulltext$zEbook Central Academic Complete
=856  40$5LTUd$uhttp://proxy.lib.ltu.se/login?url=https://search.ebscohost.com/login.aspx?direct=true&scope=site&db=e000xww&AN=1488531$zOnline access for LTU$zeBook Academic Collection (EBSCOhost) - Worldwide
=856  40$5LTUd$uhttp://proxy.lib.ltu.se/login?url=https://search.ebscohost.com/login.aspx?direct=true&scope=site&db=nlebk&db=nlabk&AN=1488531$zOnline access for LTU$zEBSCO eBooks
=856  40$5Maud$uhttps://proxy.mau.se/login?url=https://search.ebscohost.com/login.aspx?direct=true&scope=site&db=e000xww&AN=1488531$zOnline access for MAU$zeBook Academic Collection (EBSCOhost) - Worldwide$zfulltext
=856  40$5Maud$uhttps://proxy.mau.se/login?url=https://search.ebscohost.com/login.aspx?direct=true&scope=site&db=nlebk&db=nlabk&AN=1488531$zOnline access for MAU$zEBSCO eBooks$zfulltext
=856  40$5Mdhd$uhttps://mdh.primo.exlibrisgroup.com/openurl/46MH_INST/46MH_INST:46MH_V1?u.ignore_date_coverage=true&rft.mms_id=991001148145803211$zTillgänglig för användare inom Mälardalens högskola$zfulltext$zEbook Central Academic Complete International Edition
=856  40$5Miun$uhttp://sfxeu11.hosted.exlibrisgroup.com/sfxmiu/?url_ver=Z39.88-2004&ctx_ver=Z39.88-2004&ctx_enc=info:ofi/enc:UTF-8&rfr_id=info:sid/sfxit.com:opac_856&url_ctx_fmt=info:ofi/fmt:kev:mtx:ctx&sfx.ignore_date_threshold=1&rft.object_id=3790000000536307&svc_val_fmt=info:ofi/fmt:kev:mtx:sch_svc&$zStudent portal login$zEbook Central Academic Complete:Full Text$zJSTOR Unlimited Usage DDA Book Titles:Full Text
=856  40$5Odig$uhttps://openurl.oru.se?u.ignore_date_coverage=true&rft.mms_id=999517253103663$zTillgänglig inom Örebro universitet och externt för studenter och anställda vid universitetet$zfulltext$zJSTOR Books EBA
=856  40$5Pvd$uhttps://search.ebscohost.com/login.aspx?direct=true&scope=site&db=e000xww&AN=1488531$zTillgänglig på PRV$zeBook Academic Collection (EBSCOhost) - Worldwide$zfulltext
=856  40$5Qdig$uhttps://search.ub.umu.se/openurl/46UMEA_INST/46UMEA_INST:UmUB?u.ignore_date_coverage=true&rft.mms_id=9921586115404996$zOnline access for UMUB$zfulltext$zEbook Central Academic Complete
=856  40$5ThsE$uhttps://ebookcentral.proquest.com/lib/[[SiteID]]/detail.action?docID=5161247$zOnline access for Enskilda Högskolan Stockholm$zProQuest Ebook Central - Academic Complete
=856  40$5Udix$uhttp://ezproxy.its.uu.se/login?url=https://ebookcentral.proquest.com/lib/uu/detail.action?docID=5161247$zTillgänglig för användare inom Uppsala universitet$zEbook Central All Subscribed Titles
=856  40$5Zdig$uhttps://ebookcentral.proquest.com/lib/chalmers/detail.action?docID=5161247$zOnline access for Chalmers$zProQuest Ebook Central - Academic Complete International

