=LDR  00780nam a22002533  4500
=001  6778489
=003  SE-LIBR
=008  011211s1985\\\\xxu\\\\\\\\\\\000\0\eng\c
=020  \\$a0-916732-83-5 (hft.)
=020  \\$a0-916732-84-3 (inb.)
=035  \\$90916732843
=040  \\$aLå
=084  \\$5La$aGez Ballard, James Graham$2kssb/6
=100  1\$aBrigg, Peter,$d1942-
=245  00$aJ. G. Ballard /$cPeter Brigg
=260  \\$aSan Bernadino, Calif.,$c1985
=300  \\$a138 s.
=440  \0$aStarmont reader's guide,$x0272-7730 ;$v26
=504  \\$aIncludes bibliographical references and index
=600  14$5La$aBallard, James Graham
=653  \\$5La$aLitteraturhistoria
=653  \\$5La$aScience fiction

