=LDR  02090cam a22004577  4500
=001  6122682
=003  SE-LIBR
=005  20180212090923.0
=008  011211s1997\\\\xxk|||||||||||000\0|eng|c
=020  \\$a0853238219$qinb.
=020  \\$a0853238316$qhft.
=035  \\$90853238219
=040  \\$aG
=041  \\$aeng
=082  \4$a823.914$220
=082  \4$a823.914$220
=084  \\$5G$aGez Ballard, James Graham$2kssb/6
=084  \\$aGez Ballard, James Graham$2kssb/6
=100  1\$aLuckhurst, Roger$4aut
=245  15$a"The angle between two walls" :$bthe fiction of J. G. Ballard /$cRoger Luckhurst.
=264  \1$aLiverpool :$bLiverpool University Press,$c1997
=300  \\$a2213 s.
=490  1\$aLiverpool science fiction texts and studies,$x99-2277214-0 ;$v11
=600  14$aBallard, J. G.,$d1930-2009$0https://libris.kb.se/dbqssg6x38zr5cn#it
=650  \7$aEngelsk science fiction$xhistoria$2sao
=655  \7$aAnalys och tolkning$0https://id.kb.se/term/saogf/Analys%20och%20tolkning$2saogf
=830  \0$aLiverpool science fiction texts and studies,$x99-2277214-0 ;$v11

