=LDR  07627cam a22011295a 4500
=001  12344304
=003  SE-LIBR
=005  20151201115446.0
=007  cr\|||\\\|||||\\\\\\\\\
=008  111102s2009\\\\xx\|||||o|||||000\0|und|d
=020  \\$a9781441163622
=020  \\$z9780826497260 (Print)
=035  \\$5AlbE$a(ALMA)991001018596103631
=035  \\$5Hald$a(ALMA)991000810979805936
=035  \\$5Htue$a(EBZ)ebs971302e
=035  \\$5JonE$a(ALMA)998207416203831
=035  \\$5Jsld$a(ALMA)9920939051605121
=035  \\$5Kdig$a(EBZ)ebs971302e
=035  \\$5LiUd$a(EBZ)ebs971302e
=035  \\$5LTUd$a(EBZ)ebs971302e
=035  \\$5Maud$a(EBZ)ebs971302e
=035  \\$5Odig$a(ALMA)999596965903663
=035  \\$5Qdig$a(ALMA)9921353404004996
=035  \\$a(EBZ)ebs971302e
=040  \\$ea
=041  \\$aund
=100  1\$aBaxter, Jeannette.$4aut
=245  10$aJ.G. Ballard (Contemporary critical perspectives)$h[Elektronisk resurs]
=264  \1$bContinuum International Publishing Group Ltd,$c2009
=599  \\$5AlbE$aALMA
=599  \\$5Hald$aALMA
=599  \\$5Htue$aEBZ
=599  \\$5JonE$aALMA
=599  \\$5Jsld$aALMA
=599  \\$5Kdig$aEBZ
=599  \\$5LiUd$aEBZ
=599  \\$5LTUd$aEBZ
=599  \\$5Maud$aEBZ
=599  \\$5Miun$aSFX
=599  \\$5Odig$aALMA
=599  \\$5Qdig$aALMA
=599  \\$aEBZ
=599  \\$aMaskinellt genererad post. Ändra kod för fullständighetsnivå (leader/17), annars kommer manuellt gjorda ändringar att försvinna.
=776  08$iPrint$tJ.G. Ballard (Contemporary critical perspectives)$z978-0-8264-9726-0
=856  40$5AlbE$uhttps://anna-lindh.primo.exlibrisgroup.com/openurl/46LIBRIS_ALB_INST/46LIBRIS_ALB_INST:46ALB_VU1?u.ignore_date_coverage=true&rft.mms_id=991001018596103631$zTillgänglig för användare inom Försvarshögskolan/Anna Lindh-biblioteket$zfulltext$zEBSCOhost Ebook Academic Collection
=856  40$5Hald$uhttps://hh.alma.exlibrisgroup.com/openurl/46LIBRIS_HIH_INST/46LIBRIS_HIH_INST:46LIBRIS_HIH_View?u.ignore_date_coverage=true&rft.mms_id=991000810979805936$zTillgänglig för användare inom Högskolan i Halmstad$zfulltext$zEbook Central Academic Complete
=856  40$5Htue$uhttp://ezproxy.server.hv.se/login?url=http://search.ebscohost.com/login.aspx?direct=true&scope=site&db=e000xww&AN=344552$zOnline access for HV$zeBook Academic Collection (EBSCOhost) - Worldwide
=856  40$5Htue$uhttp://ezproxy.server.hv.se/login?url=http://search.ebscohost.com/login.aspx?direct=true&scope=site&db=nlebk&db=nlabk&AN=344552$zOnline access for HV$zEBSCO eBooks
=856  40$5JonE$uhttps://primo.library.ju.se/openurl/JUL/46JUL_INST:jul?u.ignore_date_coverage=true&rft.mms_id=998207416203831$zOnline access for JON$zfulltext$zEbook Central
=856  40$5Jsld$uhttps://slu.primo.exlibrisgroup.com/openurl/46SLUB_INST/46SLUB_INST:SLUB_V1?u.ignore_date_coverage=true&rft.mms_id=9920939051605121$zOnline access for SLUB$zfulltext$zEbook Central
=856  40$5Kdig$uhttps://login.bibproxy.kau.se:8443/login?url=http://search.ebscohost.com/login.aspx?direct=true&scope=site&db=e000xww&AN=344552$zOnline access for KaU$zeBook Academic Collection (EBSCOhost) - Worldwide
=856  40$5Kdig$uhttps://login.bibproxy.kau.se:8443/login?url=http://search.ebscohost.com/login.aspx?direct=true&scope=site&db=nlebk&db=nlabk&AN=344552$zOnline access for KaU$zEBSCO eBooks
=856  40$5LiUd$uhttps://login.e.bibl.liu.se/login?url=http://ebookcentral.proquest.com/lib/linkoping-ebooks/detail.action?docID=601635$zExtern tillgång endast anställda och studenter vid LiU$zProQuest Ebook Central - Academic Complete
=856  40$5LTUd$uhttp://proxy.lib.ltu.se/login?url=http://search.ebscohost.com/login.aspx?direct=true&scope=site&db=e000xww&AN=344552$zOnline access for LTU$zeBook Academic Collection (EBSCOhost) - Worldwide
=856  40$5LTUd$uhttp://proxy.lib.ltu.se/login?url=http://search.ebscohost.com/login.aspx?direct=true&scope=site&db=nlebk&db=nlabk&AN=344552$zOnline access for LTU$zEBSCO eBooks
=856  40$5Maud$uhttps://proxy.mau.se/login?url=http://search.ebscohost.com/login.aspx?direct=true&scope=site&db=e000xww&AN=344552$zOnline access for MAU$zeBook Academic Collection (EBSCOhost) - Worldwide$zfulltext
=856  40$5Maud$uhttps://proxy.mau.se/login?url=http://search.ebscohost.com/login.aspx?direct=true&scope=site&db=nlebk&db=nlabk&AN=344552$zOnline access for MAU$zEBSCO eBooks$zfulltext
=856  40$5Miun$uhttp://sfxeu11.hosted.exlibrisgroup.com/sfxmiu/?url_ver=Z39.88-2004&ctx_ver=Z39.88-2004&ctx_enc=info:ofi/enc:UTF-8&rfr_id=info:sid/sfxit.com:opac_856&url_ctx_fmt=info:ofi/fmt:kev:mtx:ctx&sfx.ignore_date_threshold=1&rft.object_id=2670000000056568&svc_val_fmt=info:ofi/fmt:kev:mtx:sch_svc&$zStudent portal login$zEbook Central Academic Complete:Full Text
=856  40$5Odig$uhttps://openurl.oru.se?u.ignore_date_coverage=true&rft.mms_id=999596965903663$zTillgänglig inom Örebro universitet och externt för studenter och anställda vid universitetet$zfulltext$zEbook Central Perpetual, DDA and Subscription Titles
=856  40$5Qdig$uhttps://search.ub.umu.se/openurl/46UMEA_INST/46UMEA_INST:UmUB?u.ignore_date_coverage=true&rft.mms_id=9921353404004996$zOnline access for UMUB$zfulltext$zEbook Central Academic Complete

