=LDR  09766cam a2201837 a 4500
=001  8707718
=003  SE-LIBR
=005  20190612171142.0
=008  021009s2003\\\\sw\a||||||||||000\0|swe|\
=020  \\$a9170184917$c474:00
=035  \\$5Bo$a(Bo)334643
=035  \\$5KVIN$a(KVIN)280559
=035  \\$5Mo$a(Mo)b1499559
=040  \\$aHib$dNB$ea
=041  \\$aswe
=042  \\$9NB$9KVIN
=072  \7$5KVIN$alitt
=082  04$a809.38762$222/swe
=084  \\$5Mo$aG.0978$2kssb/8
=084  \\$5Mo$aG.5$2kssb/8
=084  \\$aG.0978$2kssb/7
=084  \\$aG.5$2kssb/7
=100  1\$aHolmberg, John-Henri,$d1949-$0https://libris.kb.se/c9pswh0w1w04sd0#it
=245  00$aInre landskap och yttre rymd :$bscience fictions historia.$n2$pFrån J.G. Ballard till Gene Wolfe /$cJohn-Henri Holmberg.
=264  \1$aLund :$bBibliotekstjänst,$c2003
=264  \3$aTrelleborg :$bBerling Skog
=300  \\$a621 s.$bill.$c20 cm
=340  \\$b20 cm
=650  \4$5Hib$aScience fiction
=650  \4$5Mo$aScience fiction$xHistoria
=650  \7$5KVIN$aAuthors$2kao//eng
=650  \7$5KVIN$aImage of women$2kao//eng
=650  \7$5KVIN$aLiterary studies$2kao//eng
=650  \7$5KVIN$aScience fiction$2kao//eng
=650  \7$aFörfattare$2kao
=650  \7$aKvinnobilden$2kao
=650  \7$aLitteraturvetenskap$2kao
=650  \7$aScience fiction$2kao
=650  \7$aScience fiction$xhistoria$0https://id.kb.se/term/sao/Science%20fiction--historia$2sao
=653  \\$5Jon$aLitteraturvetenskap
=653  \\$5Jon$aScience fiction
=653  \\$5La$aLitteraturhistoria
=653  \\$5Mo$aLitteraturvetenskap
=655  \4$5Mo$aBok
=710  2\$aBibliotekstjänst$4pbl
=740  0\$aFrån J.G. Ballard  till Gene Wolfe

