=LDR  00935cam a22002777a 4500
=001  12497278
=003  SE-LIBR
=005  20120224124337.0
=008  120123s2011\\\\enka\\\\\b\\\\001\0beng\c
=020  \\$a0-297-86352-5
=020  \\$a978-0-297-86352-6
=035  \\$a(OCoLC)712128454
=035  \\$a7510015
=040  \\$aYDXCP$cYDXCP$dUKMGB$dCDX$dNIC$dG
=050  \4$aPR6052.A46$bZ56 2011
=082  04$a823.914$222
=100  1\$aBaxter, John,$d1939-$0259991
=245  04$aThe inner man :$bthe life of J.G. Ballard /$cJohn Baxter
=260  \\$aLondon :$bWeidenfeld & Nicolson,$c2011
=300  \\$a377 p., [16] p. of plates :$bill. (some col.) ;$c24 cm.
=600  10$aBallard, J. G.,$d1930-2009.
=650  \0$aNovelists, English$y20th century$vBiography.

