=LDR  02675nam a22004455  4500
=001  21089838
=003  SE-LIBR
=005  20170815135622.0
=007  cr\|||\\\|||||\\\\\\\\\
=008  170815s2011\\\\xx\|||||o|||||000\||eng|d
=020  \\$z1472513037 (print)
=035  \\$5AlbE$a(ALMA)991001028107803631
=035  \\$5LTUd$a(EBZ)ebs3708051e
=035  \\$5Maud$a(EBZ)ebs3708051e
=035  \\$a(SFX)3230000000213924
=041  \\$aeng
=100  1\$aFrancis, Samuel$4aut
=245  14$aThe Psychological Fictions of J.G. Ballard$h[Elektronisk resurs]
=264  \1$bBloomsbury Publishing,$c2011
=599  \\$5AlbE$aALMA
=599  \\$5LTUd$aEBZ
=599  \\$5Maud$aEBZ
=599  \\$aMaskinellt genererad post. Ändra kod för fullständighetsnivå (leader/17), annars kommer manuellt gjorda ändringar att försvinna.
=599  \\$aSFX
=776  08$iPrint:$tThe Psychological Fictions of J.G. Ballard$z1472513037
=856  40$5AlbE$uhttps://anna-lindh.primo.exlibrisgroup.com/openurl/46LIBRIS_ALB_INST/46LIBRIS_ALB_INST:46ALB_VU1?u.ignore_date_coverage=true&rft.mms_id=991001028107803631$zTillgänglig för användare inom Försvarshögskolan/Anna Lindh-biblioteket$zfulltext$zEBSCOhost Ebook Academic Collection
=856  40$5LTUd$uhttp://proxy.lib.ltu.se/login?url=https://search.ebscohost.com/login.aspx?direct=true&scope=site&db=e000xww&AN=837520$zOnline access for LTU$zeBook Academic Collection (EBSCOhost) - Worldwide
=856  40$5LTUd$uhttp://proxy.lib.ltu.se/login?url=https://search.ebscohost.com/login.aspx?direct=true&scope=site&db=nlebk&db=nlabk&AN=837520$zOnline access for LTU$zEBSCO eBooks
=856  40$5Maud$uhttps://proxy.mau.se/login?url=http://search.ebscohost.com/login.aspx?direct=true&scope=site&db=e000xww&AN=837520$zOnline access for MAU$zeBook Academic Collection (EBSCOhost) - Worldwide$zfulltext
=856  40$5Maud$uhttps://proxy.mau.se/login?url=http://search.ebscohost.com/login.aspx?direct=true&scope=site&db=nlebk&db=nlabk&AN=837520$zOnline access for MAU$zEBSCO eBooks$zfulltext

