=LDR  04042nam a22006495a 4500
=001  21072184
=003  SE-LIBR
=005  20170810100403.0
=007  cr\|||\\\|||||\\\\\\\\\
=008  170810s2011\\\\xx\|||||o|||||000\0|und|d
=020  \\$z9781441161956 (Print)
=035  \\$5HigE$a(EBZ)ebs3708051e
=035  \\$5Kdig$a(EBZ)ebs3708051e
=035  \\$5LTUd$a(EBZ)ebs3708051e
=035  \\$5Maud$a(EBZ)ebs3708051e
=035  \\$5Pvd$a(EBZ)ebs3708051e
=035  \\$a(EBZ)ebs3708051e
=040  \\$ea
=041  \\$aund
=100  1\$aFrancis, Samuel$4aut
=245  10$aPsychological Fictions of J.G. Ballard, The$h[Elektronisk resurs]
=264  \1$bContinuum,$c2011
=500  \\$aBook
=599  \\$5HigE$aEBZ
=599  \\$5Kdig$aEBZ
=599  \\$5LTUd$aEBZ
=599  \\$5Maud$aEBZ
=599  \\$5Pvd$aEBZ
=599  \\$aEBZ
=599  \\$aMaskinellt genererad post. Ändra kod för fullständighetsnivå (leader/17), annars kommer manuellt gjorda ändringar att försvinna.
=650  \4$aLITERARY CRITICISM / General
=776  08$iPrint$tPsychological Fictions of J.G. Ballard, The$z978-1-4411-6195-6
=856  40$5HigE$uhttps://search.ebscohost.com/login.aspx?direct=true&scope=site&db=e000xww&AN=837520&authtype=shib&custid=s3912055$zEndast för användare inom Högskolan i Gävle$zeBook Academic Collection (EBSCOhost) - Worldwide$zfulltext
=856  40$5HigE$uhttps://search.ebscohost.com/login.aspx?direct=true&scope=site&db=nlebk&db=nlabk&AN=837520&authtype=shib&custid=s3912055$zEndast för användare inom Högskolan i Gävle$zEBSCO eBooks$zfulltext
=856  40$5Kdig$uhttps://login.bibproxy.kau.se:8443/login?url=https://search.ebscohost.com/login.aspx?direct=true&scope=site&db=e000xww&AN=837520$zOnline access for KaU$zeBook Academic Collection (EBSCOhost) - Worldwide$zfulltext
=856  40$5Kdig$uhttps://login.bibproxy.kau.se:8443/login?url=https://search.ebscohost.com/login.aspx?direct=true&scope=site&db=nlebk&db=nlabk&AN=837520$zOnline access for KaU$zEBSCO eBooks$zfulltext
=856  40$5LTUd$uhttp://proxy.lib.ltu.se/login?url=https://search.ebscohost.com/login.aspx?direct=true&scope=site&db=e000xww&AN=837520$zOnline access for LTU$zeBook Academic Collection (EBSCOhost) - Worldwide
=856  40$5LTUd$uhttp://proxy.lib.ltu.se/login?url=https://search.ebscohost.com/login.aspx?direct=true&scope=site&db=nlebk&db=nlabk&AN=837520$zOnline access for LTU$zEBSCO eBooks
=856  40$5Maud$uhttps://proxy.mau.se/login?url=https://search.ebscohost.com/login.aspx?direct=true&scope=site&db=e000xww&AN=837520$zOnline access for MAU$zeBook Academic Collection (EBSCOhost) - Worldwide$zfulltext
=856  40$5Maud$uhttps://proxy.mau.se/login?url=https://search.ebscohost.com/login.aspx?direct=true&scope=site&db=nlebk&db=nlabk&AN=837520$zOnline access for MAU$zEBSCO eBooks$zfulltext
=856  40$5Pvd$uhttps://search.ebscohost.com/login.aspx?direct=true&scope=site&db=e000xww&AN=837520$zTillgänglig på PRV$zeBook Academic Collection (EBSCOhost) - Worldwide$zfulltext

