=LDR  00499caa a22001577a 4500
=001  12281861
=003  SE-LIBR
=005  20110815095804.0
=008  110815s1987\\\\sw\||||\\\\\\|00|\||swe\c
=040  \\$aSfi
=042  \\$9SFIB
=100  1\$aNordlund, Solveig
=245  10$aKrigets Robinson:$bom J G. Ballard och "Solens rike" /$cSolveig Nordlund
=630  04$aEmpire of the sun (US, Steven Spielberg, 1987)
=630  10$aEmpire of the sun$1http://viaf.org/viaf/293611582
=650  \7$aAdaptation fill film$2sfit
=773  0\$tChaplin$x0045-6349$w3432521$g29(1987):6 (=nr.213), s. 287: ill.

