=LDR  01116cam a22003257a 4500
=001  11496404
=003  SE-LIBR
=005  20110204103444.0
=008  090703s2009\\\\xxuac\\\\\\\\\00|\0\eng|c
=020  \\$a0-300-15436-4 (hbk.) :$c¹19.99
=020  \\$a978-0-300-15436-8 (hbk.) :$c¹19.99
=035  \\$5Hnt$aDAW12972675
=035  \\$aDAW12972675
=040  \\$aStDuBDS$cStDuBDS$dH
=050  \4$aPN98
=082  04$a809.933251$222
=084  \\$aNoea.07$2kssb/8
=100  1\$aWood, Frances,$d1948-
=245  14$aThe lure of China :$bwriters from Marco Polo to J.G. Ballard /$cFrances Wood.
=260  \\$aNew Haven, [Conn.] ;$aLondon :$bYale University Press,$c2009.
=300  \\$a283 p. :$bill. (some col.), ports. (some col.) ;$c22 cm.
=504  \\$aIncludes bibliographical references and index.
=599  \\$aDawson
=650  \0$aTravel in literature.
=650  \7$aResenärer$zKina$2sao
=651  \0$aChina$xIn literature.

