=LDR  06484nam a22009975a 4500
=001  z7jhq0tnwlng2s5g
=003  SE-LIBR
=005  20181219093916.0
=007  cr\|||\\\|||||\\\\\\\\\
=008  181219s2009\\\\xx\|||||o|||||000\0|und|d
=020  \\$z082649725X (Print)
=020  \\$z9780826497253 (Print)
=035  \\$5Bthd$a(WaSeSS)ssj0000421251
=035  \\$5HdE$a(WaSeSS)ssj0000421251
=035  \\$5HigE$a(EBZ)ebs971302e
=035  \\$5Kdig$a(EBZ)ebs971302e
=035  \\$5LiUd$a(EBZ)ebs971302e
=035  \\$5LTUd$a(EBZ)ebs971302e
=035  \\$5Maud$a(EBZ)ebs971302e
=035  \\$5Pvd$a(EBZ)ebs971302e
=035  \\$5ThsE$a(EBZ)ebs971302e
=035  \\$5Udix$a(WaSeSS)ssj0000421251
=035  \\$a(WaSeSS)ssib028538592
=040  \\$aSEK$ea
=041  \\$aund
=100  1\$aBaxter, Jeannette$4aut
=245  10$aContemporary Critical Perspectives Ser. : J. G. Ballard : Contemporary Critical Perspectives$h[Elektronisk resurs]
=264  \1$c2009
=599  \\$5Bthd$aWaSeSS
=599  \\$5HdE$aWaSeSS
=599  \\$5HigE$aEBZ
=599  \\$5Kdig$aEBZ
=599  \\$5LiUd$aEBZ
=599  \\$5LTUd$aEBZ
=599  \\$5Maud$aEBZ
=599  \\$5Pvd$aEBZ
=599  \\$5ThsE$aEBZ
=599  \\$5Udix$aWaSeSS
=599  \\$aMaskinellt genererad post. Ändra kod för fullständighetsnivå (leader/17), annars kommer manuellt gjorda ändringar att försvinna.
=599  \\$aWaSeSS
=776  08$iPrint$tContemporary Critical Perspectives Ser. : J. G. Ballard : Contemporary Critical Perspectives$z082649725X$z9780826497253
=856  40$5Bthd$uhttps://miman.bib.bth.se/login?url=https://ebookcentral.proquest.com/lib/bthbib-ebooks/detail.action?docID=601635$zOnline access for BTH$zEbook Central All Subscribed Titles
=856  40$5HdE$uhttp://www.du.se/proxy.aspx?url=https://ebookcentral.proquest.com/lib/dalarna/detail.action?docID=601635$zOnline access for Högskolan Dalarna$zEbook Central All Subscribed Titles
=856  40$5HigE$uhttps://search.ebscohost.com/login.aspx?direct=true&scope=site&db=e000xww&AN=344552&authtype=shib&custid=s3912055$zEndast för användare inom Högskolan i Gävle$zeBook Academic Collection (EBSCOhost) - Worldwide$zfulltext
=856  40$5HigE$uhttps://search.ebscohost.com/login.aspx?direct=true&scope=site&db=nlebk&db=nlabk&AN=344552&authtype=shib&custid=s3912055$zEndast för användare inom Högskolan i Gävle$zEBSCO eBooks$zfulltext
=856  40$5Kdig$uhttps://login.bibproxy.kau.se:8443/login?url=https://search.ebscohost.com/login.aspx?direct=true&scope=site&db=e000xww&AN=344552$zOnline access for KaU$zeBook Academic Collection (EBSCOhost) - Worldwide$zfulltext
=856  40$5Kdig$uhttps://login.bibproxy.kau.se:8443/login?url=https://search.ebscohost.com/login.aspx?direct=true&scope=site&db=nlebk&db=nlabk&AN=344552$zOnline access for KaU$zEBSCO eBooks$zfulltext
=856  40$5LiUd$uhttps://login.e.bibl.liu.se/login?url=https://ebookcentral.proquest.com/lib/linkoping-ebooks/detail.action?docID=601635$zExtern tillgång endast anställda och studenter vid LiU$zProQuest Ebook Central - Academic Complete
=856  40$5LTUd$uhttp://proxy.lib.ltu.se/login?url=https://search.ebscohost.com/login.aspx?direct=true&scope=site&db=e000xww&AN=344552$zOnline access for LTU$zeBook Academic Collection (EBSCOhost) - Worldwide
=856  40$5LTUd$uhttp://proxy.lib.ltu.se/login?url=https://search.ebscohost.com/login.aspx?direct=true&scope=site&db=nlebk&db=nlabk&AN=344552$zOnline access for LTU$zEBSCO eBooks
=856  40$5Maud$uhttps://proxy.mau.se/login?url=https://search.ebscohost.com/login.aspx?direct=true&scope=site&db=e000xww&AN=344552$zOnline access for MAU$zeBook Academic Collection (EBSCOhost) - Worldwide$zfulltext
=856  40$5Maud$uhttps://proxy.mau.se/login?url=https://search.ebscohost.com/login.aspx?direct=true&scope=site&db=nlebk&db=nlabk&AN=344552$zOnline access for MAU$zEBSCO eBooks$zfulltext
=856  40$5Pvd$uhttps://search.ebscohost.com/login.aspx?direct=true&scope=site&db=e000xww&AN=344552$zTillgänglig på PRV$zeBook Academic Collection (EBSCOhost) - Worldwide$zfulltext
=856  40$5ThsE$uhttps://ebookcentral.proquest.com/lib/[[SiteID]]/detail.action?docID=601635$zOnline access for Enskilda Högskolan Stockholm$zProQuest Ebook Central - Academic Complete
=856  40$5Udix$uhttp://ezproxy.its.uu.se/login?url=https://ebookcentral.proquest.com/lib/uu/detail.action?docID=601635$zTillgänglig för användare inom Uppsala universitet$zEbook Central All Subscribed Titles

