=LDR  01400nam a22002535  4500
=001  16586361
=003  SE-LIBR
=005  20140610125725.0
=007  cr\|||\\\|||||\\\\\\\\\
=008  140610s2013\\\\xx\|||||o|||||000\||eng|d
=020  \\$z8866331287 (print)
=035  \\$a(SFX)3790000000000670
=041  \\$aeng
=245  10$aLà dove finisce la città : riflessioni sull'opera di J.G. Ballard$h[Elektronisk resurs]
=264  \1$bClueb,$c2013
=599  \\$5Hdig$aSFX
=599  \\$aMaskinellt genererad post. Ändra kod för fullständighetsnivå (leader/17), annars kommer manuellt gjorda ändringar att försvinna.
=599  \\$aSFX
=776  08$iPrint:$tLà dove finisce la città : riflessioni sull'opera di J.G. Ballard$z8866331287
=856  40$5Hdig$uhttp://link.sub.su.se/sfxsub?url_ver=Z39.88-2004&ctx_ver=Z39.88-2004&ctx_enc=info:ofi/enc:UTF-8&rfr_id=info:sid/sfxit.com:opac_856&url_ctx_fmt=info:ofi/fmt:kev:mtx:ctx&sfx.ignore_date_threshold=1&rft.object_id=3790000000000670&svc_val_fmt=info:ofi/fmt:kev:mtx:sch_svc&$zTillgänglig för användare inom Stockholms universitet$zCasalini Torrossa Monographs & Proceedings:Full Text

