=LDR  05723cam a22009857i 4500
=001  crljq0xm9x9q0r5z
=003  SE-LIBR
=005  20210701090503.0
=008  210701s2014\\\\gw\|||||||||||000\0|eng|d
=020  \\$a3837622029$qprint
=020  \\$a9783837622027$qprint
=020  \\$z9783839422021 (pdf)
=035  \\$a(OCoLC)ocn931783747
=040  \\$aLsol$beng$cEEM$dOCLCO$dOCLCA$dPAU$dOCL$dOCLCO$dOCLCA$dLsol$ei$erda
=041  \\$aeng
=082  04$a823.009/36$223
=100  1\$aMieszkowski, Sylvia$4aut
=245  10$aResonant alterities :$bsound, desire and anxiety in non-realist fiction /$cSylvia Mieszkowski.
=264  \1$aBielefeld :$bTranscript,$c[2014]
=264  \4$c©2014
=300  \\$a402 pages$c23 cm
=336  \\$atext$btxt$2rdacontent
=337  \\$aunmediated$bn$2rdamedia
=338  \\$avolume$bnc$2rdacarrier
=490  1\$aCultural and media studies
=504  \\$aIncludes bibliographical references.
=505  8\$aAcknowledgements -- Introduction -- Haunted by Sound: Vernon Lee, "A Wicked Voice" -- Sound is Power: Algernon Blackwood, The Human Chord -- Noise, Silence and Oedipus: J.G. -- Ballard, "The Sound Sweep" -- Air To Sounds, Sounds To Words: Don DeLillo, The Body Artist -- Conclusion -- Bibliography
=520  \\$a»Resonant Alterities« bridges the gap between sound studies and literary criticism. A queer ghost story by Vernon Lee, an occultist novel of psychic adventure by Algernon Blackwood, a dystopian science fiction tale by J.G. Ballard and a post-traumatic short novel by Don DeLillo are its primary objects of analysis. Each is explored within the context of its contemporary cultural debates on sound. Meanwhile, all four theory-enriched readings focus on intersecting and desire-laden processes of meaning making, knowledge production and subject formation. Focal points are aurally/audio-visually structured phenomena expressive of both collective and individual anxieties.
=599  \\$aImported from: zcat.oclc.org:210/OLUCWorldCat (Do not remove)
=600  10$aBallard, J. G.,$d1930-2009$xCriticism and interpretation.
=600  10$aBlackwood, Algernon,$d1869-1951$xCriticism and interpretation.
=600  10$aDeLillo, Don$xCriticism and interpretation.
=600  10$aLee, Vernon,$d1856-1935$xCriticism and interpretation.
=600  14$aBallard, J. G.,$d1930-2009$0https://libris.kb.se/dbqssg6x38zr5cn#it
=600  14$aDeLillo, Don,$d1936-$0https://libris.kb.se/53hkldbp3t4pbj2#it
=600  14$aLee, Vernon,$d1856-1935$0https://libris.kb.se/b8nqs8rv5700gkz#it
=600  17$aBlackwood, Algernon,$d1869-1951$2fast
=648  \7$a1900-talet$0https://id.kb.se/term/sao/1900-talet$2sao
=650  \0$aAmerican fiction$xHistory and criticism.
=650  \0$aAnxiety in literature
=650  \0$aCriticism
=650  \0$aEnglish fiction$xHistory and criticism.
=650  \0$aLiterature$xTheory, etc.
=650  \0$aSenses and sensation in literature.
=650  \0$aSound in literature
=650  \0$aSound in literature.
=650  \7$aAmerikansk litteratur$xhistoria$0https://id.kb.se/term/sao/Amerikansk%20litteratur--historia$2sao
=650  \7$aÅngest i litteraturen$0https://id.kb.se/term/sao/%C3%85ngest%20i%20litteraturen$2sao
=650  \7$aAnxiety in literature.$2fast
=650  \7$aEngelsk litteratur$xhistoria$0https://id.kb.se/term/sao/Engelsk%20litteratur--historia$2sao
=650  \7$aLitteraturkritik$0https://id.kb.se/term/sao/Litteraturkritik$2sao
=650  \7$aLjud i litteraturen$0https://id.kb.se/term/sao/Ljud%20i%20litteraturen$2sao
=830  \0$aCultural and media studies

