=LDR  02261cam a22003857a 4500
=001  12192053
=003  SE-LIBR
=005  20110616124337.0
=008  110523s2009\\\\xxk\\\\\\b\\\\000\0\eng\c
=020  \\$a0754662675
=020  \\$a9780754662679
=035  \\$a(OCoLC)368097615
=040  \\$aNLGGC$bdut$cNLGGC$efobidrtb$dOKU$dUh
=050  \0$aPR6052.A46$bZ57 2009
=082  0\$a823.914$222
=084  \\$aGe$2kssb/8
=100  1\$aBaxter, Jeannette
=245  10$aJ. G. Ballard's surrealist imagination :$bspectacular authorship /$cJeannette Baxter
=260  \\$aFarnham ;$aBurlington :$bAshgate,$ccop. 2009
=300  \\$axi, 243 s. :$bill. ;$c25 cm.
=504  \\$aIncludes bibliographical references (p. [223]-237) and index.
=505  0\$aMapping a surrealist historiography : recontextualising The drowned world and The crystal world -- Reading The atrocity exhibition : a history of forms -- Radical surrealism : performance, photography and history in Crash -- Convulsive autobiography : negotiating history, memory and fiction in Empire of the sun and The kindness of women -- The surrealist Fait divers : uncovering violent histories in Running wild, Cocaine nights, Super-Cannes and Millennium people.
=520  \\$aSuggesting that J.G. Ballard's fiction must be read within the framework of surrealism, the author argues for a radical revisioning of Ballard that takes account of the political and ethical dimensions of his work. A different portrait then emerges, one with implications for our understanding of post-war history and culture.
=600  14$aBallard, J. G.,$d1930-2009$0176668
=650  \0$aScience fiction, English$xHistory and criticism.
=650  \0$aSurrealism (Literature)
=650  \0$aSurrealism (Literature)
=650  \7$aEngelsk litteratur$vscience fiction$2sao
=650  \7$aSurrealism (litteratur)$2sao$0163347

