=LDR  00972nam a2200289 cc4500
=001  455199515
=003  DE-101
=005  20210421120113.0
=007  tu
=008  940725s1965\\\\gw\|||||\||||\00||||ger\\
=016  7\$2DE-101$a455199515
=035  \\$a(DE-599)DNB455199515
=035  \\$a(OCoLC)73611671
=035  \\$a(OCoLC)73753450
=040  \\$a1200$bger$cDE-101$d1215
=041  \\$ager
=044  \\$cXA-DE
=245  00$aPabel-Utopia-Zukunftsromane$nNr. 421.$pDer Teufel Rastignac und andere Utopia-Kurzgeschichten / [Von] J. G. Ballard [u.a.]
=264  31$aRastatt (Baden)$bPabel$c[1965]
=300  \\$a62 S.
=336  \\$aText$btxt$2rdacontent
=337  \\$aohne Hilfsmittel zu benutzen$bn$2rdamedia
=338  \\$aBand$bnc$2rdacarrier
=366  \\$cCS 20150412$2onixas
=700  1\$0(DE-588)118656929$0https://d-nb.info/gnd/118656929$0(DE-101)118656929$aBallard, J. G.$d1930-2009$eMitwirkender$4ctb$2gnd
=773  08$q3421$w(DE-101)453682634

