=LDR  01303nam a2200337 c 4500
=001  450216195
=003  DE-101
=005  20171202170016.0
=007  tu
=008  950113s1964\\\\gw\|||||\||||\00||||ger\\
=016  7\$2DE-101$a450216195
=020  \\$ckart. : 2.40
=035  \\$a(DE-599)DNB450216195
=035  \\$a(OCoLC)314482423
=040  \\$a1200$bger$cDE-101$d9999
=041  \\$ager
=044  \\$cXA-DE
=084  \\$a59$a810$a820$a830$a839$a840$a850$a860$a870$a880$a890$aB$qDE-101$2sdnb
=100  1\$0(DE-588)118656929$0https://d-nb.info/gnd/118656929$0(DE-101)118656929$aBallard, J. G.$d1930-2009$eVerfasser$4aut$2gnd$1http://viaf.org/viaf/9842556$4http://rdaregistry.info/Elements/w/object/P10061
=245  10$aDer Sturm aus dem Nichts$bUtop. Roman$cJ. G. Ballard. [Dt. Übers. aus d. Amerikan. von Gisela Stege]
=264  \1$aMünchen$bHeyne$c1964
=300  \\$a154 S.$ckl. 8
=336  \\$aText$btxt$2rdacontent
=337  \\$aohne Hilfsmittel zu benutzen$bn$2rdamedia
=338  \\$aBand$bnc$2rdacarrier
=366  \\$cOP 20150504$2onixas
=490  1\$aHeyne Bücher$vNr. 3028
=700  1\$0(DE-588)104562692$0https://d-nb.info/gnd/104562692$0(DE-101)104562692$aStege, Gisela$dca. 20./21. Jh.$eMitwirkender$4ctb$2gnd
=700  12$aBallard, J. G.$d1930-2009$2gnd$tThe Wind from nowhere$gdt.
=830  \0$aHeyne Bücher$vNr. 3028$943028

