=LDR  01273nam a2200313 cc4500
=001  455199450
=003  DE-101
=005  20210421125226.0
=007  tu
=008  940725s1964\\\\gw\|||||\||||\00||||ger\\
=016  7\$2DE-101$a455199450
=035  \\$a(DE-599)DNB455199450
=035  \\$a(OCoLC)73611671
=035  \\$a(OCoLC)73753444
=040  \\$a1200$bger$cDE-101$d1215
=041  \\$ager
=044  \\$cXA-DE
=245  00$aPabel-Utopia-Zukunftsromane$nNr. 415.$pTyrannei der Uhren und andere Utopia-Kurzgeschichten / Frederik Pohl ; J. G. Ballard ; Philip José Farmer
=264  31$aRastatt (Baden)$bPabel$c[1964]
=300  \\$a63 S.
=336  \\$aText$btxt$2rdacontent
=337  \\$aohne Hilfsmittel zu benutzen$bn$2rdamedia
=338  \\$aBand$bnc$2rdacarrier
=366  \\$cCS 20150412$2onixas
=700  1\$0(DE-588)118656929$0https://d-nb.info/gnd/118656929$0(DE-101)118656929$aBallard, J. G.$d1930-2009$eMitwirkender$4ctb$2gnd
=700  1\$0(DE-588)119327716$0https://d-nb.info/gnd/119327716$0(DE-101)119327716$aPohl, Frederik$d1919-2013$eMitwirkender$4ctb$2gnd
=700  1\$0(DE-588)121292630$0https://d-nb.info/gnd/121292630$0(DE-101)121292630$aFarmer, Philip José$d1918-2009$eMitwirkender$4ctb$2gnd
=773  08$q3415$w(DE-101)453682634

