=LDR  01071nam a2200277 ca4500
=001  984138587
=003  DE-101
=005  20200207113126.0
=007  tu
=008  070510s\\\\\\\\gw\|||||\||||\00|||||||\\
=016  7\$2DE-101$a984138587
=035  \\$a(DE-599)DNB984138587
=035  \\$a(OCoLC)723615994
=040  \\$a1240$bger$cDE-101$d1140
=044  \\$cXA-DE-BY
=082  74$a820$aB$qDE-101$222sdnb
=100  1\$0(DE-588)118656929$0https://d-nb.info/gnd/118656929$0(DE-101)118656929$aBallard, J. G.$d1930-2009$eVerfasser$4aut$2gnd$1http://viaf.org/viaf/9842556$4http://rdaregistry.info/Elements/w/object/P10061
=243  10$aSammlung$ldt.
=245  10$aGesammelte Erzählungen$bin zwei Bänden$cJ. G. Ballard. [Bearb. der Übers.: Angela Herrmann und Hannes Riffel]
=264  \1$aMünchen$bHeyne
=300  \\$c19 cm
=336  \\$aText$btxt$2rdacontent
=337  \\$aohne Hilfsmittel zu benutzen$bn$2rdamedia
=338  \\$aBand$bnc$2rdacarrier
=700  1\$0(DE-588)1204277397$0https://d-nb.info/gnd/1204277397$0(DE-101)1204277397$aHerrmann, Angela$eMitwirkender$4ctb$2gnd
=700  12$aBallard, J. G.$d1930-2009$2gnd$tThe complete short stories$gdt.

