=LDR  02121nam a22005298c 4500
=001  1233962442
=003  DE-101
=005  20220113110347.0
=007  tu
=008  210523s2022\\\\gw\|||||\||||\00||||ger\\
=015  \\$a21,N21$2dnb
=016  7\$2DE-101$a1233962442
=020  \\$a3035804540$93-0358-0454-0
=020  \\$a9783035804546$c: EUR 18.00 (DE), EUR 18.50 (AT), CHF 22.00 (freier Preis)$9978-3-0358-0454-6
=024  3\$a9783035804546
=035  \\$a(DE-599)DNB1233962442
=035  \\$a(OCoLC)1252775287
=040  \\$a1145$bger$cDE-101$d9999
=041  \\$ager$heng
=044  \\$cXA-DE
=082  74$83\p$a830$aB$qDE-101$223sdnb
=100  1\$81\p$aBallard, J.G.$eVerfasser$4aut
=245  10$aDie Flut$cJ.G. Ballard
=263  \\$a202209
=264  \1$aZürich$bDiaphanes$c2022
=300  \\$a208 Seiten$c20 cm x 12.8 cm
=336  \\$aText$btxt$2rdacontent
=337  \\$aohne Hilfsmittel zu benutzen$bn$2rdamedia
=338  \\$aBand$bnc$2rdacarrier
=653  \\$a(BISAC Subject Heading)FIC019000
=653  \\$a(BISAC Subject Heading)FIC055000
=653  \\$a(Produktform)Paperback / softback
=653  \\$a(VLB-WN)1112: Hardcover, Softcover / Belletristik/Gegenwartsliteratur (ab 1945)
=653  \\$aAvantgarde
=653  \\$aImagination
=653  \\$aKlima
=653  \\$aLiteratur
=653  \\$aScience Fiction
=655  \7$0(DE-101)1010008188$aErzählende Literatur: Gegenwartsliteratur ab 1945$2gatbeg
=710  2\$82\p$0(DE-588)1064211070$0https://d-nb.info/gnd/1064211070$0(DE-101)1064211070$aDiaphanes$eVerlag$4pbl$2gnd
=856  42$mX:MVB$qtext/html$uhttp://deposit.dnb.de/cgi-bin/dokserv?id=15754d09edd744fe80a0d0e1016b6ed1&prov=M&dok_var=1&dok_ext=htm$3Inhaltstext

