=LDR  02837nam a2200625uc 4500
=001  1222675749
=003  DE-101
=005  20210204184040.0
=007  cr||||||||||||
=008  201203s2020\\\\sz\|||||o||||\00||||ger\\
=015  \\$a21,O01$2dnb
=016  7\$2DE-101$a1222675749
=020  \\$a3035803617$93-0358-0361-7
=020  \\$a9783035803617$9978-3-0358-0361-7
=024  3\$a9783035803617
=024  7\$2urn$aurn:nbn:de:101:1-2020120303150515232764
=035  \\$a(DE-599)DNB1222675749
=035  \\$a(OCoLC)1235794214
=040  \\$a1140$bger$cDE-101$d9999
=041  \\$81\p$ager$heng
=044  \\$cXA-CH
=082  74$85\p$a820$aB$qDE-101$223sdnb
=100  1\$83\p$aBallard, J.G.$eVerfasser$4aut
=245  10$aLiebe & Napalm: Export USA$cJ.G. Ballard
=264  \1$aZürich$bDiaphanes$c2020
=300  \\$aOnline-Ressource, 176 Seiten
=336  \\$aText$btxt$2rdacontent
=337  \\$aComputermedien$bc$2rdamedia
=338  \\$aOnline-Ressource$bcr$2rdacarrier
=490  0\$aLiteratur
=583  1\$aArchivierung/Langzeitarchivierung gewährleistet$5DE-101$2pdager
=653  \\$a(BISAC Subject Heading)FIC000000
=653  \\$a(BISAC Subject Heading)FIC000000
=653  \\$a(BISAC Subject Heading)FIC019000
=653  \\$a(BISAC Subject Heading)FIC055000
=653  \\$a(Produktform)Electronic book text
=653  \\$a(VLB-WN)9112: Nonbooks, PBS / Belletristik/Gegenwartsliteratur (ab 1945)
=655  \7$0(DE-101)1010008188$aErzählende Literatur: Gegenwartsliteratur ab 1945$2gatbeg
=655  \7$82\p$0(DE-588)1071854844$0https://d-nb.info/gnd/1071854844$0(DE-101)1071854844$aFiktionale Darstellung$2gnd-content
=710  2\$84\p$0(DE-588)1064211070$0https://d-nb.info/gnd/1064211070$0(DE-101)1064211070$aDiaphanes$eVerlag$4pbl$2gnd
=776  08$iErscheint auch als$nDruck-Ausgabe$aBallard, J. G., 1930-2009$tLiebe & Napalm: Export USA$dZürich : Diaphanes, 2020$h170 Seiten$w(DE-101)1201894808$b1. Auflage
=856  \0$uhttps://d-nb.info/1222675749/34$xLangzeitarchivierung Nationalbibliothek
=856  4\$qepub
=856  40$uhttps://nbn-resolving.org/urn:nbn:de:101:1-2020120303150515232764$xResolving-System
=856  42$mX:NP$uhttps://cdn.libreka.de/sample/167f9682-6920-4d51-a209-10bc5f633116$3Auszug

