=LDR  02852pam a2200637 c 4500
=001  1159721165
=003  DE-101
=005  20191204012219.0
=007  tu
=008  180517s2019\\\\sz\|||||\||||\00||||ger\\
=015  \\$a19,A44$z18,N21$2dnb
=016  7\$2DE-101$a1159721165
=020  \\$a3035800782$93-0358-0078-2
=020  \\$a9783035800784$cBroschur : EUR 17.50 (DE), EUR 18.00 (AT), CHF 18.00 (freier Preis)$9978-3-0358-0078-4
=024  3\$a9783035800784
=035  \\$a(DE-599)DNB1159721165
=035  \\$a(OCoLC)1037893408
=040  \\$a1145$bger$cDE-101$d9999$erda
=041  \\$ager$heng
=044  \\$cXA-CH
=082  74$82\p$a820$aB$qDE-101$223sdnb
=090  \\$ab
=100  1\$0(DE-588)118656929$0https://d-nb.info/gnd/118656929$0(DE-101)118656929$aBallard, J. G.$d1930-2009$eVerfasser$4aut$2gnd$1http://viaf.org/viaf/9842556$4http://rdaregistry.info/Elements/w/object/P10061
=240  10$0(DE-588)1045764116$0https://d-nb.info/gnd/1045764116$0(DE-101)1045764116$aCrash$2gnd$1http://viaf.org/viaf/305922109
=245  10$aCrash$cJ.G. Ballard ; aus dem Englischen von Sabine Schulz
=250  \\$a1. Auflage
=259  \\$a11
=264  \1$aZürich$bDiaphanes$c2019
=300  \\$a238 Seiten$c20 cm
=336  \\$aText$btxt$2rdacontent
=337  \\$aohne Hilfsmittel zu benutzen$bn$2rdamedia
=338  \\$aBand$bnc$2rdacarrier
=653  \\$a(BISAC Subject Heading)FIC000000
=653  \\$a(BISAC Subject Heading)FIC019000
=653  \\$a(BISAC Subject Heading)FIC055000
=653  \\$a(Produktform)Paperback / softback
=653  \\$a(VLB-WN)1112: Hardcover, Softcover / Belletristik/Gegenwartsliteratur (ab 1945)
=653  \\$aAutomobil
=653  \\$aAvantgarde
=653  \\$aDystopie
=653  \\$aGegenwartsliteratur
=653  \\$aModerne
=653  \\$aPsychopathia sexualis
=653  \\$aSexualität
=655  \7$0(DE-101)1010008188$aErzählende Literatur: Gegenwartsliteratur ab 1945$2gatbeg
=655  \7$0(DE-588)1071854844$0https://d-nb.info/gnd/1071854844$0(DE-101)1071854844$aFiktionale Darstellung$2gnd-content
=700  1\$0(DE-588)1043531394$0https://d-nb.info/gnd/1043531394$0(DE-101)1043531394$aSchulz, Sabine$eÜbersetzer$4trl$2gnd
=710  2\$81\p$0(DE-588)1064211070$0https://d-nb.info/gnd/1064211070$0(DE-101)1064211070$aDiaphanes$eVerlag$4pbl$2gnd
=776  08$iErscheint auch als$nOnline-Ausgabe$tCrash$dZürich : Diaphanes, 2019$hOnline-Ressource, 240 Seiten$w(DE-101)1200917782
=856  42$mX:MVB$qtext/html$uhttp://deposit.dnb.de/cgi-bin/dokserv?id=740f1f87e21c45fdb41b14508e78ebc6&prov=M&dok_var=1&dok_ext=htm$3Inhaltstext

