=LDR  02981nam a2200697uc 4500
=001  1200917782
=003  DE-101
=005  20191204012219.0
=007  cr||||||||||||
=008  191203s2019\\\\sz\|||||o||||\00||||ger\\
=015  \\$a20,O01$2dnb
=016  7\$2DE-101$a1200917782
=020  \\$a3035802564$93-0358-0256-4
=020  \\$a9783035802566$9978-3-0358-0256-6
=024  3\$a9783035802566
=024  7\$2urn$aurn:nbn:de:101:1-2019120303152586967930
=035  \\$a(DE-599)DNB1200917782
=035  \\$a(OCoLC)1138046589
=040  \\$a1140$bger$cDE-101$d9999
=041  \\$ager$heng
=044  \\$cXA-CH
=082  74$83\p$a820$aB$qDE-101$223sdnb
=100  1\$aBallard, J.G.$eVerfasser$4aut$1http://viaf.org/viaf/9842556$4http://rdaregistry.info/Elements/w/object/P10061
=240  10$aCrash$1http://viaf.org/viaf/305922109
=245  10$aCrash$cJ.G. Ballard
=264  \1$aZürich$bDiaphanes$c2019
=300  \\$aOnline-Ressource, 240 Seiten
=336  \\$aText$btxt$2rdacontent
=337  \\$aComputermedien$bc$2rdamedia
=338  \\$aOnline-Ressource$bcr$2rdacarrier
=490  0\$aLiteratur
=583  1\$aArchivierung/Langzeitarchivierung gewährleistet$5DE-101$2pdager
=653  \\$a(BISAC Subject Heading)FIC000000
=653  \\$a(BISAC Subject Heading)FIC000000
=653  \\$a(BISAC Subject Heading)FIC019000
=653  \\$a(BISAC Subject Heading)FIC055000
=653  \\$a(Produktform)Electronic book text
=653  \\$a(VLB-WN)9112: Nonbooks, PBS / Belletristik/Gegenwartsliteratur (ab 1945)
=653  \\$aAutomobil
=653  \\$aAvantgarde
=653  \\$aDystopie
=653  \\$aGegenwartsliteratur
=653  \\$aModerne
=653  \\$aPsychopathia sexualis
=653  \\$aSexualität
=655  \7$0(DE-101)1010008188$aErzählende Literatur: Gegenwartsliteratur ab 1945$2gatbeg
=655  \7$81\p$0(DE-588)1071854844$0https://d-nb.info/gnd/1071854844$0(DE-101)1071854844$aFiktionale Darstellung$2gnd-content
=700  1\$0(DE-588)1043531394$0https://d-nb.info/gnd/1043531394$0(DE-101)1043531394$aSchulz, Sabine$eÜbersetzer$4trl$2gnd
=710  2\$82\p$0(DE-588)1064211070$0https://d-nb.info/gnd/1064211070$0(DE-101)1064211070$aDiaphanes$eVerlag$4pbl$2gnd
=776  08$iErscheint auch als$nDruck-Ausgabe$aBallard, J. G., 1930-2009$tCrash$dZürich : Diaphanes, 2019$h238 Seiten$w(DE-101)1159721165$b1. Auflage
=776  08$iErscheint auch als$nOnline-Ausgabe$z9783035802573
=856  \0$uhttps://d-nb.info/1200917782/34$xLangzeitarchivierung Nationalbibliothek
=856  4\$qepub
=856  40$uhttps://nbn-resolving.org/urn:nbn:de:101:1-2019120303152586967930$xResolving-System
=856  42$mX:NP$uhttps://cdn.libreka.de/sample/eb3bbe9a-051d-419c-a769-dee5895d23ff$3Auszug

