=LDR  02813pam a2200589 c 4500
=001  1173345353
=003  DE-101
=005  20190604073321.0
=007  tu
=008  181213s2019\\\\gw\|||||\||||\00||||ger\\
=015  \\$a19,A17$z18,N51$2dnb
=016  7\$2DE-101$a1173345353
=020  \\$a3035801363$93-0358-0136-3
=020  \\$a9783035801361$cBroschur : EUR 22.00 (DE), EUR 22.70 (AT), CHF 28.00 (freier Preis)$9978-3-0358-0136-1
=024  3\$a9783035801361
=035  \\$a(DE-599)DNB1173345353
=035  \\$a(OCoLC)1079567368
=035  \\$a(OCoLC)1103671764
=040  \\$a1145$bger$cDE-101$d9999$erda
=041  \\$ager$heng
=044  \\$cXA-DE
=082  74$82\p$a820$aB$qDE-101$223sdnb
=090  \\$ab
=100  1\$0(DE-588)118656929$0https://d-nb.info/gnd/118656929$0(DE-101)118656929$aBallard, J. G.$d1930-2009$eVerfasser$4aut$2gnd$1http://viaf.org/viaf/9842556$4http://rdaregistry.info/Elements/w/object/P10061
=240  10$aKingdom Come$1http://viaf.org/viaf/3952163159958701640003
=245  10$aDas Reich kommt$cJ.G. Ballard ; aus dem Englischen von Eike Schönfeld
=250  \\$a1. Auflage
=259  \\$a11
=264  \1$aZürich$bDiaphanes$c2019
=300  \\$a365 Seiten$c20 cm
=336  \\$aText$btxt$2rdacontent
=337  \\$aohne Hilfsmittel zu benutzen$bn$2rdamedia
=338  \\$aBand$bnc$2rdacarrier
=653  \\$a(BISAC Subject Heading)FIC000000
=653  \\$a(BISAC Subject Heading)FIC019000
=653  \\$a(BISAC Subject Heading)FIC055000
=653  \\$a(Produktform)Paperback / softback
=653  \\$a(VLB-WN)1112: Hardcover, Softcover / Belletristik/Gegenwartsliteratur (ab 1945)
=655  \7$0(DE-101)1010008188$aErzählende Literatur: Gegenwartsliteratur ab 1945$2gatbeg
=655  \7$0(DE-588)1071854844$0https://d-nb.info/gnd/1071854844$0(DE-101)1071854844$aFiktionale Darstellung$2gnd-content
=700  1\$0(DE-588)111039894$0https://d-nb.info/gnd/111039894$0(DE-101)111039894$aSchönfeld, Eike$d1949-$eÜbersetzer$4trl$2gnd
=710  2\$81\p$0(DE-588)1064211070$0https://d-nb.info/gnd/1064211070$0(DE-101)1064211070$aDiaphanes$eVerlag$4pbl$2gnd
=776  08$iErscheint auch als$nOnline-Ausgabe$tDas Reich kommt$dZürich : Diaphanes, 2019$hOnline-Ressource, 368 Seiten$w(DE-101)1187661414
=856  42$mB:DE-101$qapplication/pdf$uhttps://d-nb.info/1173345353/04$3Inhaltsverzeichnis
=856  42$mX:MVB$qtext/html$uhttp://deposit.dnb.de/cgi-bin/dokserv?id=77661e5380e54751b864165c5a6ba210&prov=M&dok_var=1&dok_ext=htm$3Inhaltstext

