=LDR  02783nam a2200661uc 4500
=001  1172212848
=003  DE-101
=005  20190227183026.0
=007  cr||||||||||||
=008  181126s2018\\\\sz\|||||o||||\00||||ger\\
=015  \\$a18,O12$2dnb
=016  7\$2DE-101$a1172212848
=020  \\$a3035801630$93-0358-0163-0
=020  \\$a9783035801637$9978-3-0358-0163-7
=024  3\$a9783035801637
=024  7\$2urn$aurn:nbn:de:101:1-2018112610311117225945
=035  \\$a(DE-599)DNB1172212848
=035  \\$a(OCoLC)1083926290
=040  \\$a1140$bger$cDE-101$d9999
=041  \\$ager$heng
=044  \\$cXA-CH
=082  74$83\p$a820$aB$qDE-101$223sdnb
=100  1\$aBallard, J.G.$eVerfasser$4aut$1http://viaf.org/viaf/9842556$4http://rdaregistry.info/Elements/w/object/P10061
=245  10$aMillennium People$cJ.G. Ballard
=264  \1$aZürich$bDiaphanes$c2018
=300  \\$aOnline-Ressource, 360 Seiten
=336  \\$aText$btxt$2rdacontent
=337  \\$aComputermedien$bc$2rdamedia
=338  \\$aOnline-Ressource$bcr$2rdacarrier
=490  0\$aLiteratur
=500  \\$aLizenzpflichtig
=583  1\$aArchivierung/Langzeitarchivierung gewährleistet$5DE-101$2pdager
=653  \\$a(BISAC Subject Heading)FIC000000
=653  \\$a(BISAC Subject Heading)FIC000000
=653  \\$a(Produktform)Electronic book text
=653  \\$a(VLB-WN)9112: Nonbooks, PBS / Belletristik/Gegenwartsliteratur (ab 1945)
=653  \\$aBourgeoisie
=653  \\$aGewalt
=653  \\$aLondon
=653  \\$aRevolution
=653  \\$aTerror
=655  \7$0(DE-101)1010008188$aErzählende Literatur: Gegenwartsliteratur ab 1945$2gatbeg
=655  \7$81\p$0(DE-588)1071854844$0https://d-nb.info/gnd/1071854844$0(DE-101)1071854844$aFiktionale Darstellung$2gnd-content
=700  1\$aBender, Jan$eÜbersetzer$4trl
=710  2\$82\p$0(DE-588)1064211070$0https://d-nb.info/gnd/1064211070$0(DE-101)1064211070$aDiaphanes$eVerlag$4pbl$2gnd
=776  08$iErscheint auch als$nDruck-Ausgabe$aBallard, J. G., 1930-2009$tMillennium people$dZürich : diaphanes, 2018$h356 Seiten$w(DE-101)1132723493$b1. Auflage
=776  08$iErscheint auch als$nOnline-Ausgabe$z9783035801644
=856  \0$uhttps://d-nb.info/1172212848/34$xLangzeitarchivierung Nationalbibliothek
=856  4\$qepub
=856  40$uhttps://nbn-resolving.org/urn:nbn:de:101:1-2018112610311117225945$xResolving-System
=856  42$mX:NP$uhttps://cdn.libreka.de/sample/67ac26ea-777e-49d8-aeea-a86da6b5e209$3Auszug

