=LDR  03684pam a2200697 c 4500
=001  1100371834
=003  DE-101
=005  20190830112422.0
=007  tu
=008  160517s2017\\\\gw\|||||\m|||\00||||eng\\
=015  \\$a17,A20$a17,H06$z16,N21$2dnb
=016  7\$2DE-101$a1100371834
=020  \\$a3110487896$93-11-048789-6
=020  \\$a9783110487893$cFesteinband : EUR 102.80 (AT) (freier Preis), EUR 99.95 (DE) (freier Preis), GBP 74.99 (GB) (freier Preis)$9978-3-11-048789-3
=020  \\$a9783110635232$cBroschur : EUR 20.95 (DE) (freier Preis), EUR 20.95 (AT) (freier Preis)$9978-3-11-063523-2
=024  3\$a9783110487893
=035  \\$a(DE-599)DNB1100371834
=035  \\$a(OCoLC)950688298
=040  \\$a1145$bger$cDE-101$d1130$erda
=041  \\$aeng
=044  \\$cXA-DE-BE
=082  04$82\u$a823.914$qDE-101$222/ger
=083  7\$a820$qDE-101$223sdnb
=085  \\$82\u$b823
=090  \\$ab
=100  1\$0(DE-588)1124249702$0https://d-nb.info/gnd/1124249702$0(DE-101)1124249702$aCord, Florian$d1982-$eVerfasser$4aut$2gnd
=245  10$aJ.G. Ballard's politics$blate capitalism, power, and the pataphysics of resistance$cFlorian Cord
=264  \1$aBerlin$bDe Gruyter$c[2017]
=300  \\$a264 Seiten$c24 cm
=336  \\$aText$btxt$2rdacontent
=337  \\$aohne Hilfsmittel zu benutzen$bn$2rdamedia
=338  \\$aBand$bnc$2rdacarrier
=490  1\$aBuchreihe der Anglia$vvolume 54
=502  \\$bDissertation$cUniversität Würzburg$d2014
=600  17$0(DE-588)118656929$0https://d-nb.info/gnd/118656929$0(DE-101)118656929$aBallard, J. G.$d1930-2009$9rswk-swf$2gnd
=650  \7$0(DE-588)4168422-9$0https://d-nb.info/gnd/4168422-9$0(DE-101)041684222$aMacht$gMotiv$9rswk-swf$2gnd
=650  \7$0(DE-588)4202544-8$0https://d-nb.info/gnd/4202544-8$0(DE-101)042025443$aPolitik$gMotiv$9rswk-swf$2gnd
=650  \7$0(DE-588)4221315-0$0https://d-nb.info/gnd/4221315-0$0(DE-101)042213150$aKapitalismus$gMotiv$9rswk-swf$2gnd
=653  \\$a(BISAC Subject Heading)LIT004120
=653  \\$a(Produktform)Hardback
=653  \\$a(Produktrabattgruppe)PR: rabattbeschränkt/Bibliothekswerke
=653  \\$a(VLB-WN)1564: Hardcover, Softcover / Sprachwissenschaft, Literaturwissenschaft/Englische Sprachwissenschaft, Literaturwissenschaft
=653  \\$a(Zielgruppe)Fachpublikum/ Wissenschaft
=653  \\$aJ.G. Ballard
=653  \\$aJ.G. Ballard; Late Captalism; Power; Resistance
=653  \\$alate captalism
=653  \\$apower
=653  \\$aresistance
=655  \7$0(DE-588)4113937-9$0https://d-nb.info/gnd/4113937-9$0(DE-101)041139372$aHochschulschrift$2gnd-content
=689  0\$5DE-101$5DE-101
=689  00$0(DE-588)118656929$0https://d-nb.info/gnd/118656929$0(DE-101)118656929$Dp$aBallard, J. G.$d1930-2009
=689  01$0(DE-588)4202544-8$0https://d-nb.info/gnd/4202544-8$0(DE-101)042025443$Ds$aPolitik$gMotiv
=689  02$0(DE-588)4221315-0$0https://d-nb.info/gnd/4221315-0$0(DE-101)042213150$Ds$aKapitalismus$gMotiv
=689  03$0(DE-588)4168422-9$0https://d-nb.info/gnd/4168422-9$0(DE-101)041684222$Ds$aMacht$gMotiv
=710  2\$81\p$0(DE-588)1065653190$0https://d-nb.info/gnd/1065653190$0(DE-101)1065653190$aDe Gruyter Mouton$eVerlag$4pbl$2gnd
=776  08$iErscheint auch als$nOnline-Ausgabe$aCord, Florian, 1982-$tJ.G. Ballard's Politics$dBerlin/Boston : De Gruyter, 2017$hOnline-Ressourcen, 274 Seiten$w(DE-101)112931720X
=830  \0$aBuchreihe der Anglia$vvolume 54$w(DE-101)012655996$w(DE-600)505946-X$9254$7as
=856  42$mB:DE-101$qapplication/pdf$uhttps://d-nb.info/1100371834/04$3Inhaltsverzeichnis

