=LDR  02078naa a2200529uc 4500
=001  114372934X
=003  DE-101
=005  20171108214811.0
=007  cr||||||||||||
=008  171108s2017\\\\gw\|||||o||||\00||||ger\\
=016  7\$2DE-101$a114372934X
=024  7\$2urn$aurn:nbn:de:hebis:30:3-433321
=035  \\$a(DE-599)DNB114372934X
=035  \\$a(OCoLC)1188394909
=040  \\$a1240$bger$cDE-101$d9999
=041  \\$ager
=044  \\$cXA-DE
=082  74$82\p$a800$a820$qDE-101$223sdnb
=100  1\$81\p$aNicklas, Pascal$eVerfasser$4aut
=245  10$a[Rezension zu:] Stephan-Alexander Ditze: America and the Americans in Postwar British Fiction$cPascal Nicklas
=300  \\$aOnline-Ressource
=336  \\$aText$btxt$2rdacontent
=337  \\$aComputermedien$bc$2rdamedia
=338  \\$aOnline-Ressource$bcr$2rdacarrier
=583  1\$aArchivierung/Langzeitarchivierung gewährleistet$5DE-101$2pdager
=650  \7$aAmerikabild$2gnd
=650  \7$aAmis, Kingsley$2gnd
=650  \7$aBallard, J. G.$2gnd
=650  \7$aChanging places$2gnd
=650  \7$aGreene, Graham$2gnd
=650  \7$aHello America$2gnd
=650  \7$aImagologie$2gnd
=650  \7$aLodge, David$2gnd
=650  \7$aOne fat englishman$2gnd
=650  \7$aRezension$2gnd
=650  \7$aThe loved one$2gnd
=650  \7$aThe quiet American$2gnd
=650  \7$aVergleichende Literaturwissenschaft$2gnd
=650  \7$aWaugh, Evelyn$2gnd
=773  08$iEnthalten in$tKomparatistik$dBielefeld : Aisthesis, 1999-2015$g2007 (2008), S. 202-205$w(DE-600)2892781-3$w(DE-101)1130814440
=773  18$7|||s$g2007 (2008), S. 202-205
=856  \0$uhttps://d-nb.info/114372934X/34$xLangzeitarchivierung Nationalbibliothek
=856  4\$uhttp://publikationen.ub.uni-frankfurt.de/frontdoor/index/index/docId/43332$xVerlag$zkostenfrei
=856  40$uhttps://nbn-resolving.org/urn:nbn:de:hebis:30:3-433321$xResolving-System

