=LDR  01952pam a2200469 c 4500
=001  1119355117
=003  DE-101
=005  20171203071445.0
=007  tu
=008  161117s2016\\\\gw\|||||\||||\00||||ger\\
=015  \\$a17,A37$z16,N47$2dnb
=016  7\$2DE-101$a1119355117
=020  \\$a3930442698$93-930442-69-8
=020  \\$a9783930442690$cBroschur : EUR 10.00 (DE), EUR 10.30 (AT), CHF 12.00 (freier Preis)$9978-3-930442-69-0
=024  3\$a9783930442690
=035  \\$a(DE-599)DNB1119355117
=035  \\$a(OCoLC)964394979
=040  \\$a1245$bger$cDE-101$d9999$erda
=041  \\$ager$heng
=044  \\$cXA-DE-HE
=082  74$a820$aB$qDE-101$223sdnb
=100  1\$0(DE-588)118656929$0https://d-nb.info/gnd/118656929$0(DE-101)118656929$aBallard, J. G.$d1930-2009$eVerfasser$4aut$2gnd$1http://viaf.org/viaf/9842556$4http://rdaregistry.info/Elements/w/object/P10061
=245  10$aDie endgültige Stadt$cJ.G. Ballard
=264  \1$aBirkenau-Löhrbach$bWerner Pieper & die Grüne Kraft$c[2016?]
=300  \\$a127 Seiten$c17 cm
=336  \\$aText$btxt$2rdacontent
=337  \\$aohne Hilfsmittel zu benutzen$bn$2rdamedia
=338  \\$aBand$bnc$2rdacarrier
=490  1\$aDer grüne Zweig$v299
=653  \\$a(Produktform)Paperback / softback
=653  \\$a(VLB-WN)1110: Hardcover, Softcover / Belletristik/Erzählende Literatur
=653  \\$aEnergie
=653  \\$aShakespear
=653  \\$aStraßentheater
=655  \7$0(DE-101)1010789759$aErzählende Literatur$2gatbeg
=655  \7$0(DE-588)1071854844$0https://d-nb.info/gnd/1071854844$0(DE-101)1071854844$aFiktionale Darstellung$2gnd-content
=710  2\$81\p$0(DE-588)1065370091$0https://d-nb.info/gnd/1065370091$0(DE-101)1065370091$aThe Grüne Kraft - MedienXperimente$eVerlag$4pbl$2gnd
=830  \0$aDer grüne Zweig$v299$w(DE-101)010476121$w(DE-600)54208-8$93299$7as

