=LDR  02271pam a2200505 c 4500
=001  1101956690
=003  DE-101
=005  20171202211852.0
=007  tu
=008  160527s2016\\\\gw\|||||\||||\00||||ger\\
=015  \\$a16,A36$z16,N22$2dnb
=016  7\$2DE-101$a1101956690
=020  \\$a3037349328$93-03734-932-8
=020  \\$a9783037349328$cBroschur : EUR 16.95 (DE), sfr 20.00 (freier Preis)$9978-3-03734-932-8
=024  3\$a9783037349328
=035  \\$a(DE-599)DNB1101956690
=035  \\$a(OCoLC)951122632
=040  \\$a1145$bger$cDE-101$d9999$erda
=041  \\$ager$heng
=044  \\$cXA-DE$cXA-CH
=082  74$a820$aB$qDE-101$223sdnb
=090  \\$ab
=100  1\$0(DE-588)118656929$0https://d-nb.info/gnd/118656929$0(DE-101)118656929$aBallard, J. G.$d1930-2009$eVerfasser$4aut$2gnd$1http://viaf.org/viaf/9842556$4http://rdaregistry.info/Elements/w/object/P10061
=240  10$aHigh-Rise
=240  10$aHigh-rise$1http://viaf.org/viaf/308016990
=245  10$aHigh-Rise$bRoman$cJ.G. Ballard ; aus dem Englischen von Michael Koseler
=250  \\$a1. Auflage, revidierte Fassung der 1992 im Suhrkamp Verlag publizierten Übersetzung
=259  \\$a11
=264  \1$aZürich$bDiaphanes$c2016
=300  \\$a252 Seiten$c20 cm
=336  \\$aText$btxt$2rdacontent
=337  \\$aohne Hilfsmittel zu benutzen$bn$2rdamedia
=338  \\$aBand$bnc$2rdacarrier
=653  \\$a(BISAC Subject Heading)FIC000000
=653  \\$a(Produktform)Paperback / softback
=653  \\$a(VLB-WN)1112: Hardcover, Softcover / Belletristik/Gegenwartsliteratur (ab 1945)
=655  \7$0(DE-101)1010008188$aErzählende Literatur: Gegenwartsliteratur ab 1945$2gatbeg
=655  \7$0(DE-588)1071854844$0https://d-nb.info/gnd/1071854844$0(DE-101)1071854844$aFiktionale Darstellung$2gnd-content
=710  2\$81\p$0(DE-588)1064211070$0https://d-nb.info/gnd/1064211070$0(DE-101)1064211070$aDiaphanes$eVerlag$4pbl$2gnd
=776  08$iErscheint auch als$nOnline-Ausgabe$tHigh-Rise$dZürich : Diaphanes, 2016$hOnline-Ressource$w(DE-101)1120496535
=856  42$mB:DE-101$qapplication/pdf$uhttps://d-nb.info/1101956690/04$3Inhaltsverzeichnis

