=LDR  02583nam a2200577uc 4500
=001  1120496535
=003  DE-101
=005  20171203075047.0
=007  cr||||||||||||
=008  161130s2016\\\\sz\|||||o||||\00||||ger\\
=015  \\$a16,O12$2dnb
=016  7\$2DE-101$a1120496535
=020  \\$a3037349409$93-03734-940-9
=020  \\$a9783037349403$9978-3-03734-940-3
=024  3\$a9783037349403
=024  7\$2urn$aurn:nbn:de:101:1-201611303365
=035  \\$a(DE-599)DNB1120496535
=035  \\$a(OCoLC)965701866
=040  \\$a1140$bger$cDE-101$d9999
=041  \\$ager$heng
=044  \\$cXA-CH
=082  74$84\p$a820$aB$qDE-101$223sdnb
=100  1\$81\p$aBallard, J.G.$eVerfasser$4aut$1http://viaf.org/viaf/9842556$4http://rdaregistry.info/Elements/w/object/P10061
=240  10$aHigh-rise$1http://viaf.org/viaf/308016990
=245  10$aHigh-Rise$bRoman$cJ.G. Ballard
=264  \1$aZürich$bDiaphanes$c2016
=300  \\$aOnline-Ressource
=336  \\$aText$btxt$2rdacontent
=337  \\$aComputermedien$bc$2rdamedia
=338  \\$aOnline-Ressource$bcr$2rdacarrier
=490  0\$adiaphanes Broschur
=500  \\$aLizenzpflichtig
=583  1\$aArchivierung/Langzeitarchivierung gewährleistet$5DE-101$2pdager
=653  \\$a(BISAC Subject Heading)FIC000000
=653  \\$a(Produktform)Electronic book text
=653  \\$a(VLB-WN)9112: Nonbooks, PBS / Belletristik/Gegenwartsliteratur (ab 1945)
=655  \7$0(DE-101)1010008188$aErzählende Literatur: Gegenwartsliteratur ab 1945$2gatbeg
=700  1\$82\p$aKoseler, Michael$eÜbersetzer$4trl
=710  2\$83\p$0(DE-588)1064211070$0https://d-nb.info/gnd/1064211070$0(DE-101)1064211070$aDiaphanes$eVerlag$4pbl$2gnd
=776  08$iElektronische Reproduktion von$z9783037349328
=776  08$iErscheint auch als$nDruck-Ausgabe$aBallard, J. G., 1930-2009$tHigh-Rise$dZürich : Diaphanes, 2016$h252 Seiten$w(DE-101)1101956690$b1. Auflage, revidierte Fassung der 1992 im Suhrkamp Verlag publizierten Übersetzung
=856  \0$uhttps://d-nb.info/1120496535/34$xLangzeitarchivierung Nationalbibliothek
=856  4\$qepub
=856  40$uhttps://nbn-resolving.org/urn:nbn:de:101:1-201611303365$xResolving-System

