=LDR  02435nam a2200613uc 4500
=001  1119334462
=003  DE-101
=005  20190315165226.0
=007  cr||||||||||||
=008  161117s2016\\\\gw\|||||o||||\00||||ger\\
=015  \\$a16,O12$2dnb
=016  7\$2DE-101$a1119334462
=020  \\$a9783944720807$9978-3-944720-80-7
=024  3\$a9783944720807
=024  7\$2urn$aurn:nbn:de:101:1-201611177401
=035  \\$a(DE-599)DNB1119334462
=035  \\$a(OCoLC)965686615
=040  \\$a1140$bger$cDE-101$d9999
=041  \\$ager
=044  \\$cXA-DE-BE
=082  74$83\p$a810$qDE-101$223sdnb
=100  1\$81\p$0(DE-588)129154946$0https://d-nb.info/gnd/129154946$0(DE-101)129154946$aFrey, Hans$d1949-$eVerfasser$4aut$2gnd
=245  10$aJ. G. Ballard - Science Fiction als Paradoxon$cHans Frey
=264  \1$aBerlin$bGolkonda Verlag$c2016
=300  \\$aOnline-Ressource
=336  \\$aText$btxt$2rdacontent
=337  \\$aComputermedien$bc$2rdamedia
=338  \\$aOnline-Ressource$bcr$2rdacarrier
=490  0\$aMemoranda
=500  \\$aLizenzpflichtig
=583  1\$aArchivierung/Langzeitarchivierung gewährleistet$5DE-101$2pdager
=653  \\$a(BISAC Subject Heading)BIO007000
=653  \\$a(BISAC Subject Heading)FIC028020
=653  \\$a(Produktform)Electronic book text
=653  \\$a(VLB-WN)9131
=653  \\$a(VLB-WN)9921
=653  \\$aBibliographie
=653  \\$aBiografie
=653  \\$aInterview
=653  \\$aNew Wave
=653  \\$aScience Fiction
=710  2\$82\p$0(DE-588)1065426577$0https://d-nb.info/gnd/1065426577$0(DE-101)1065426577$aGolkonda Verlag$eVerlag$4pbl$2gnd
=776  08$iElektronische Reproduktion von$z9783944720791
=776  08$iErscheint auch als$nDruck-Ausgabe$aFrey, Hans, 1949-$tJ. G. Ballard$dBerlin : Memoranda, [2016]$h417 Seiten, Illustrationen$w(DE-101)1117097005
=856  \0$uhttps://d-nb.info/1119334462/34$xLangzeitarchivierung Nationalbibliothek
=856  4\$qepub$uhttp://golkonda-verlag.de/$xVerlag
=856  40$uhttps://nbn-resolving.org/urn:nbn:de:101:1-201611177401$xResolving-System

