=LDR  02886pam a2200733 c 4500
=001  1117097005
=003  DE-101
=005  20200515012320.0
=007  tu
=008  161026s2016\\\\gw\|||||\||||\00||||ger\\
=015  \\$a16,A50$z16,N44$2dnb
=016  7\$2DE-101$a1117097005
=020  \\$a3944720792$93-944720-79-2
=020  \\$a9783944720791$cBroschur : EUR 24.90 (DE), EUR 25.60 (AT)$9978-3-944720-79-1
=020  \\$a9783948616304$qMemoranda$cBroschur : EUR 24.90 (DE), EUR 25.60 (AT)$9978-3-948616-30-4
=024  3\$a9783944720791
=035  \\$a(DE-599)DNB1117097005
=035  \\$a(OCoLC)962082157
=035  \\$a(OCoLC)976435968
=040  \\$a1145$bger$cDE-101$d9999$erda
=041  \\$ager
=044  \\$cXA-DE-BE
=082  04$82\u$a823.914$qDE-101$222/ger
=083  7\$a820$qDE-101$223sdnb
=085  \\$82\u$b823
=090  \\$ab
=100  1\$0(DE-588)129154946$0https://d-nb.info/gnd/129154946$0(DE-101)129154946$aFrey, Hans$d1949-$eVerfasser$4aut$2gnd
=245  10$aJ. G. Ballard$bScience Fiction als Paradoxon$cHans Frey
=264  \1$aBerlin$bMemoranda$c[2016]
=300  \\$a417 Seiten$bIllustrationen$c21 cm
=336  \\$aText$btxt$2rdacontent
=337  \\$aohne Hilfsmittel zu benutzen$bn$2rdamedia
=338  \\$aBand$bnc$2rdacarrier
=490  1\$aSF Personality$v25
=600  17$0(DE-588)118656929$0https://d-nb.info/gnd/118656929$0(DE-101)118656929$aBallard, J. G.$d1930-2009$9rswk-swf$2gnd
=653  \\$a(BISAC Subject Heading)BIO007000
=653  \\$a(BISAC Subject Heading)FIC028020
=653  \\$a(Produktform)Paperback / softback
=653  \\$a(VLB-WN)1956: Hardcover, Softcover / Sachbücher/Kunst, Literatur/Literatur
=653  \\$aBibliographie
=653  \\$aBiografie
=653  \\$aGesellschaftskritik
=653  \\$aHans Frey
=653  \\$aInterview
=653  \\$aJ. G. Ballard
=653  \\$aJoachim Körber
=653  \\$aMemoranda
=653  \\$aNew Wave
=653  \\$aPulps
=653  \\$aScience Fiction
=653  \\$aWerkführer
=653  \\$aWerner Fuchs
=689  0\$5DE-101$5DE-101
=689  00$0(DE-588)118656929$0https://d-nb.info/gnd/118656929$0(DE-101)118656929$Dp$aBallard, J. G.$d1930-2009
=710  2\$81\p$0(DE-588)1065426577$0https://d-nb.info/gnd/1065426577$0(DE-101)1065426577$aGolkonda Verlag$eVerlag$4pbl$2gnd
=776  08$iErscheint auch als$nOnline-Ausgabe$aFrey, Hans, 1949-$tJ. G. Ballard - Science Fiction als Paradoxon$dBerlin : Golkonda Verlag, 2016$hOnline-Ressource$w(DE-101)1119334462
=830  \0$aSF Personality$v25$w(DE-101)975901540$w(DE-600)2197943-1$9225$7as
=856  42$mB:DE-101$qapplication/pdf$uhttps://d-nb.info/1117097005/04$3Inhaltsverzeichnis

