=LDR  03250nam a2200589uc 4500
=001  1191595994
=003  DE-101
=005  20190729181634.0
=007  cr||||||||||||
=008  190727s2015\\\\gw\|||||o||||\00||||eng\\
=015  \\$a19,O08$2dnb
=016  7\$2DE-101$a1191595994
=024  7\$2urn$aurn:nbn:de:101:1-2019072713175130586236
=024  7\$a10.18052/www.scipress.com/ILSHS.60.17$2doi
=024  8\$aoai:gesis.izsoz.de:document/56671
=035  \\$a(DE-599)DNB1191595994
=040  \\$a1240$bger$cDE-101$d9999
=041  \\$aeng
=044  \\$cXA-DE-BW
=082  74$81\p$a820$qDE-101$223sdnb
=084  \\$a800$2sdnb
=100  1\$aMirenayat, Sayyed Ali$eVerfasser$4aut
=245  10$aPsyche in Eco-Apocalypse: A Reading of Ballard's 'The Drowned World'
=264  \1$aMannheim$c2015
=300  \\$aOnline-Ressource
=336  \\$aText$btxt$2rdacontent
=337  \\$aComputermedien$bc$2rdamedia
=338  \\$aOnline-Ressource$bcr$2rdacarrier
=500  \\$abegutachtet (peer reviewed)
=500  \\$aIn: International Letters of Social and Humanistic Sciences (2015) 60 ; 17-21
=500  \\$aVeröffentlichungsversion
=506  0\$aOpen Access$fUnrestricted online access$uhttp://purl.org/coar/access_right/c_abf2$2star
=506  0\$aOpen Access$fUnrestricted online access$uhttp://purl.org/coar/access_right/c_abf2$2star
=506  0\$aOpen Access$fUnrestricted online access$uhttp://purl.org/coar/access_right/c_abf2$2star
=520  \\$aAbstract: Embodiment of apocalyptic imagination has been a major theme in which many writers have pointed it out especially from the midst of twentieth century onwards. Earth today is vulnerable and would be so dangerous for future generation from now on. Although, J. G. Ballard's narrations do not create an ordinary apocalyptic apprehension of human abolition, but he enters the core of the apocalyptic theme by intertwining our world with an altering people's psyche who try to develop a new relationship with nature. This paper examines Ballard's The Drowned World (1962) from the view of the human psyche in an apocalyptic setting. It follows and analyzes the characters of Dr. Robert Kerans (a biologist) and his team in which they are transformed in the story - both mentally and physically
=540  \\$aCreative Commons - Namensnennung 4.0$uhttp://creativecommons.org/licenses/by/4.0$2cc
=583  1\$aArchivierung/Langzeitarchivierung gewährleistet$5DE-101$2pdager
=653  \\$aApocalypse
=653  \\$aBallard
=653  \\$aClimate Change
=653  \\$aEnvironment
=653  \\$aHuman Psyche
=653  \\$aThe Drowned World
=700  1\$aSoofastaei, Elaheh$eVerfasser$4aut
=856  \0$uhttps://d-nb.info/1191595994/34$xLangzeitarchivierung Nationalbibliothek
=856  4\$qapplication/pdf$s bytes$uhttp://www.scipress.com/ILSHS.60.17.pdf
=856  4\$qapplication/pdf$s bytes$uhttps://www.ssoar.info/ssoar/handle/document/56671
=856  40$uhttps://doi.org/10.18052/www.scipress.com/ILSHS.60.17$xResolving-System
=856  40$uhttps://nbn-resolving.org/urn:nbn:de:101:1-2019072713175130586236$xResolving-System

