=LDR  02266nam a2200553 c 4500
=001  1101800941
=003  DE-101
=005  20160603030137.0
=007  tu
=008  160526s2014\\\\xxk|||||\||||\00||||eng\\
=016  7\$2DE-101$a1101800941
=020  \\$a1349325953$91-349-32595-3
=020  \\$a9781349325955$cBook : EUR 85.59 (DE) (freier Preis), EUR 87.99 (AT) (freier Preis), sfr 88.00 (freier Preis)$9978-1-349-32595-5
=024  3\$a9781349325955
=028  52$aBestellnummer: 86503235
=028  52$aBestellnummer: 978-1-349-32595-5
=035  \\$a(DE-599)DNB1101800941
=040  \\$a1145$bger$cDE-101$d9999
=041  \\$aeng
=044  \\$cXA-GB
=082  74$81\p$a830$aB$qDE-101$223sdnb
=245  00$aJ. G. Ballard: Visions and Revisions
=250  \\$a1st ed. 2012
=259  \\$a11st
=264  \1$aLondon$bPalgrave Macmillan UK$bPalgrave Macmillan$c2014
=300  \\$aX, 255 Seiten in 1 Teil$c21.6 cm x 14 cm, 0 g
=336  \\$aText$btxt$2rdacontent
=337  \\$aohne Hilfsmittel zu benutzen$bn$2rdamedia
=338  \\$aBand$bnc$2rdacarrier
=653  \\$a(BIC Subject Heading)F
=653  \\$a(BISAC Subject Heading)FIC000000
=653  \\$a(Produktform)Paperback / softback
=653  \\$a(Springer Marketing Classification)B
=653  \\$a(Springer Subject Code)SC822000: Twentieth-Century Literature
=653  \\$a(Springer Subject Code)SC825000: Fiction
=653  \\$a(Springer Subject Code)SC832000: European Literature
=653  \\$a(Springer Subject Code)SC833000: British and Irish Literature
=653  \\$a(Springer Subject Collection)SUCO41141: Palgrave Literature Collection
=653  \\$a(VLB-WN)1110: Hardcover, Softcover / Belletristik/Erzählende Literatur
=653  \\$afiction
=653  \\$anovel
=653  \\$aWilliam Blake
=655  \7$0(DE-101)1010789759$aErzählende Literatur$2gatbeg
=700  1\$aBaxter, J.$eHerausgeber$4edt
=700  1\$aWymer, R.$eHerausgeber$4edt
=776  08$iErscheint auch als$nDruck-Ausgabe$z9780230278127
=856  4\$uhttp://www.springer.com/$xVerlag
=856  42$mX:MVB$qtext/html$uhttp://deposit.dnb.de/cgi-bin/dokserv?id=cdb24375b91443b29de3a7a65ed68f69&prov=M&dok_var=1&dok_ext=htm$3Inhaltstext

