=LDR  04139pam a2200865 c 4500
=001  1025130936
=003  DE-101
=005  20171203033645.0
=007  tu
=008  120815s2014\\\\gw\|||||\||||\00||||eng\\
=015  \\$a15,A11$z12,N34$2dnb
=016  7\$2DE-101$a1025130936
=020  \\$a3837622029$93-8376-2202-9
=020  \\$a9783837622027$ckart. : EUR 36.99$9978-3-8376-2202-7
=024  3\$a9783837622027
=035  \\$a(DE-599)DNB1025130936
=035  \\$a(OCoLC)827074465
=040  \\$a1145$bger$cDE-101$d9999
=041  \\$aeng
=044  \\$cXA-DE-NW
=082  04$81\u$a823.910936$qDE-101$222/ger
=083  7\$a820$a810$qDE-101$222sdnb
=085  \\$81\u$b823
=085  \\$81\u$z3C$s36
=090  \\$ab
=100  1\$0(DE-588)136911498$0https://d-nb.info/gnd/136911498$0(DE-101)136911498$aMieszkowski, Sylvia$eVerfasser$4aut$2gnd
=245  10$aResonant alterities$bsound, desire and anxiety in non-realist fiction$cSylvia Mieszkowski
=264  \1$aBielefeld$bTranscript$c2014
=300  \\$a402 S.$c23 cm, 603 g
=336  \\$aText$btxt$2rdacontent
=337  \\$aohne Hilfsmittel zu benutzen$bn$2rdamedia
=338  \\$aBand$bnc$2rdacarrier
=490  0\$aCultural and media studies
=500  \\$aLiteraturangaben
=600  17$0(DE-588)1067701850$0https://d-nb.info/gnd/1067701850$0(DE-101)1067701850$aBlackwood, Algernon$d1869-1951$tThe human chord$9rswk-swf$2gnd
=600  17$0(DE-588)1067702563$0https://d-nb.info/gnd/1067702563$0(DE-101)1067702563$aLee, Vernon$d1856-1935$tA wicked voice$9rswk-swf$2gnd
=600  17$0(DE-588)1067703608$0https://d-nb.info/gnd/1067703608$0(DE-101)1067703608$aBallard, J. G.$d1930-2009$tThe sound-sweep$9rswk-swf$2gnd
=600  17$0(DE-588)7630810-8$0https://d-nb.info/gnd/7630810-8$0(DE-101)990894754$aDeLillo, Don$d1936-$tThe body artist$9rswk-swf$2gnd
=650  \7$0(DE-588)4242485-9$0https://d-nb.info/gnd/4242485-9$0(DE-101)042424852$aGeräusch$gMotiv$9rswk-swf$2gnd
=650  \7$0(DE-588)4413513-0$0https://d-nb.info/gnd/4413513-0$0(DE-101)947831347$aKlang$gMotiv$9rswk-swf$2gnd
=653  \\$a(BIC subject category)AVA
=653  \\$a(BIC subject category)DSB
=653  \\$a(BISAC Subject Heading)LIT004020
=653  \\$a(BISAC Subject Heading)LIT004120
=653  \\$a(BISAC Subject Heading)MUS020000
=653  \\$a(DDC 22 ger)780
=653  \\$a(DDC 22 ger)810
=653  \\$a(DDC 22 ger)820
=653  \\$a(Produktform)Paperback / softback
=653  \\$a(VLB-WN)1744: Hardcover, Softcover / Medien, Kommunikation/Medienwissenschaft
=653  \\$aAlgernon Blackwood
=653  \\$aAmerican Studies
=653  \\$aBritish Studies
=653  \\$aCulture
=653  \\$aDon DeLillo
=653  \\$aGeneral Literature Studies
=653  \\$aJ.G. Ballard
=653  \\$aLiterary Studies
=653  \\$aLiterature
=653  \\$aPerception
=653  \\$aSound
=653  \\$aTheory
=653  \\$aVernon Lee
=689  0\$5DE-101$5DE-101
=689  00$0(DE-588)1067702563$0https://d-nb.info/gnd/1067702563$0(DE-101)1067702563$Dp$aLee, Vernon$d1856-1935$tA wicked voice
=689  01$0(DE-588)1067701850$0https://d-nb.info/gnd/1067701850$0(DE-101)1067701850$Dp$aBlackwood, Algernon$d1869-1951$tThe human chord
=689  02$0(DE-588)1067703608$0https://d-nb.info/gnd/1067703608$0(DE-101)1067703608$Dp$aBallard, J. G.$d1930-2009$tThe sound-sweep
=689  03$0(DE-588)7630810-8$0https://d-nb.info/gnd/7630810-8$0(DE-101)990894754$Dp$aDeLillo, Don$d1936-$tThe body artist
=689  04$0(DE-588)4413513-0$0https://d-nb.info/gnd/4413513-0$0(DE-101)947831347$Ds$aKlang$gMotiv
=689  05$0(DE-588)4242485-9$0https://d-nb.info/gnd/4242485-9$0(DE-101)042424852$Ds$aGeräusch$gMotiv
=776  08$iErscheint auch als$nOnline-Ausgabe$aMieszkowski, Sylvia$tResonant Alterities$dBielefeld : transcript Verlag, 2014$hOnline-Ressource$w(DE-101)1079473319
=856  42$mB:DE-101$qapplication/pdf$uhttps://d-nb.info/1025130936/04$3Inhaltsverzeichnis
=856  42$mX:MVB$qtext/html$uhttp://deposit.dnb.de/cgi-bin/dokserv?id=4100878&prov=M&dok_var=1&dok_ext=htm$3Inhaltstext

