=LDR  02948nim a2200685uc 4500
=001  1130617866
=003  DE-101
=005  20170424233503.0
=007  cr||||||||||||
=007  s|||||||||||||
=008  170424s2011\\\\gw\|||||o|||||||||||ger\\
=015  \\$a17,O05$2dnb
=016  7\$2DE-101$a1130617866
=020  \\$a9783941998292$9978-3-941998-29-2
=024  3\$a9783941998292
=024  7\$2urn$aurn:nbn:de:101:1-201704244131
=035  \\$a(DE-599)DNB1130617866
=035  \\$a(OCoLC)986218696
=040  \\$a1140$bger$cDE-101$d9999
=041  \\$ager
=044  \\$cXA-DE-BE
=100  1\$81\p$aPlamper, Paul$eVerfasser$4aut
=245  10$aHochhaus Teil 2$cPaul Plamper, J.G. Ballard
=250  \\$aProduktion des WDR 2006
=259  \\$a42006
=264  \1$aBerlin$bHoerspielpark$c2011
=300  \\$aOnline-Ressource, 64 Min.$b1 Track
=336  \\$agesprochenes Wort$bspw$2rdacontent
=337  \\$aComputermedien$bc$2rdamedia
=338  \\$aOnline-Ressource$bcr$2rdacarrier
=500  \\$aLizenzpflichtig
=583  1\$aArchivierung/Langzeitarchivierung gewährleistet$5DE-101$2pdager
=653  \\$a(Produktform (spezifisch))WAV format
=653  \\$a(Produktform)Downloadable audio file
=700  1\$810\p$aMinichmayr, Birgit$eErzähler$4nrt
=700  1\$811\p$aHaseney, Tina$eErzähler$4nrt
=700  1\$82\p$aBallard, J.G.$eVerfasser$4aut
=700  1\$83\p$aTM, Schneider$eKomponist$4cmp
=700  1\$84\p$aSpengler, Volker$eErzähler$4nrt
=700  1\$85\p$aKönig, Cristin$eErzähler$4nrt
=700  1\$86\p$aBroich, Margarita$eErzähler$4nrt
=700  1\$87\p$aPeschel, Milan$eErzähler$4nrt
=700  1\$88\p$aRudolph, Lars$eErzähler$4nrt
=700  1\$89\p$aWuttke, Martin$eErzähler$4nrt
=856  \0$uhttps://d-nb.info/1130617866/34$xLangzeitarchivierung Nationalbibliothek
=856  4\$qwav$uhttp://www.hoerspielpark.de/website/titel/hochhaus-teil-2$xVerlag
=856  40$uhttps://nbn-resolving.org/urn:nbn:de:101:1-201704244131$xResolving-System

