=LDR  02989nam a2200565uc 4500
=001  1079280480
=003  DE-101
=005  20210430164607.0
=007  cr||||||||||||
=008  151125s2011\\\\gw\|||||o||||\00||||ger\\
=015  \\$a15,O12$2dnb
=016  7\$2DE-101$a1079280480
=024  7\$2urn$aurn:nbn:de:bsz:352-opus-1320
=035  \\$a(DE-599)DNB1079280480
=035  \\$a(OCoLC)1184738099
=035  \\$a(OCoLC)931689332
=040  \\$a1240$bger$cDE-101$d9999
=041  \\$ager
=044  \\$cXA-DE-BW
=082  74$89\p$a810$qDE-101$223sdnb
=100  1\$81\p$aFischer, Axel$eVerfasser$4aut
=245  10$aLogik der Devianz in J. G. Ballards Crash$cAxel Fischer
=264  \1$aKonstanz$bBibliothek der Universität Konstanz$c2011
=300  \\$aOnline-Ressource
=336  \\$aText$btxt$2rdacontent
=337  \\$aComputermedien$bc$2rdamedia
=338  \\$aOnline-Ressource$bcr$2rdacarrier
=502  \\$aKonstanz, Universität Konstanz, Magisterarbeit, 1997
=583  1\$aArchivierung/Langzeitarchivierung gewährleistet$5DE-101$2pdager
=600  17$82\p$0(DE-588)118656929$0https://d-nb.info/gnd/118656929$0(DE-101)118656929$aBallard, J. G.$d1930-2009$2gnd
=650  \7$83\p$0(DE-588)4408599-0$0https://d-nb.info/gnd/4408599-0$0(DE-101)947411712$aSystemzusammenbruch$2gnd
=650  \7$84\p$0(DE-588)4050479-7$0https://d-nb.info/gnd/4050479-7$0(DE-101)040504794$aRoman$2gnd
=650  \7$85\p$0(DE-588)4000320-6$0https://d-nb.info/gnd/4000320-6$0(DE-101)040003205$aAbweichendes Verhalten$2gnd
=650  \7$86\p$0(DE-588)4036202-4$0https://d-nb.info/gnd/4036202-4$0(DE-101)040362027$aLogik$2gnd
=650  \7$87\p$0(DE-588)4184198-0$0https://d-nb.info/gnd/4184198-0$0(DE-101)041841980$aSymbolismus$2gnd
=650  \7$88\p$0(DE-588)4054021-2$0https://d-nb.info/gnd/4054021-2$0(DE-101)040540219$aScience-Fiction-Literatur$2gnd
=856  \0$uhttps://d-nb.info/1079280480/34$xLangzeitarchivierung Nationalbibliothek
=856  4\$uhttp://kops.uni-konstanz.de/handle/123456789/3602$xVerlag$zkostenfrei
=856  40$uhttps://nbn-resolving.org/urn:nbn:de:bsz:352-opus-1320$xResolving-System

