=LDR  02019pam a2200517 c 4500
=001  987273795
=003  DE-101
=005  20171202055134.0
=007  tu
=008  080124s2008\\\\gw\|||||\||||\00||||ger\\
=015  \\$a09,A10,0002$z08,N07,0001$2dnb
=016  7\$2DE-101$a987273795
=020  \\$a9783631560440$ckart. : EUR 34.00$9978-3-631-56044-0
=024  3\$a9783631560440
=035  \\$a(DE-599)DNB987273795
=035  \\$a(OCoLC)254821957
=040  \\$a1245$bger$cDE-101$d9999
=041  \\$ager
=044  \\$cXA-DE-HE$cXA-CH$cXA-AT
=082  04$81\u$a001.1$qDE-101$222/ger
=083  7\$a000$qDE-101$222sdnb
=085  \\$81\u$b001.1
=090  \\$ab
=245  00$aAlles fließt$bDimensionen des Wassers in Natur und Kultur$cElmar Schenkel/Alexandra Lembert (Hrsg.)
=264  \1$aFrankfurt, M.$aBerlin$aBern$aBruxelles$aNew York, NY$aOxford$aWien$bLang$c2008
=300  \\$a199 S.$bIll., graph. Darst.$c21 cm
=336  \\$aText$btxt$2rdacontent
=337  \\$aohne Hilfsmittel zu benutzen$bn$2rdamedia
=338  \\$aBand$bnc$2rdacarrier
=500  \\$aLiteratur- und URL-Angaben
=650  \7$0(DE-588)4064689-0$0https://d-nb.info/gnd/4064689-0$0(DE-101)040646890$aWasser$9rswk-swf$2gnd
=653  \\$a(VLB-FS)Ballard, J.G.
=653  \\$a(VLB-FS)Ökologie
=653  \\$a(VLB-FS)Wasser
=653  \\$a(VLB-FS)Wells, H.G.
=653  \\$a(VLB-PF)BC: Paperback
=653  \\$a(VLB-WN)1676: HC/Biologie/Ökologie
=655  \7$0(DE-588)4143413-4$0https://d-nb.info/gnd/4143413-4$0(DE-101)041434137$aAufsatzsammlung$2gnd-content
=655  \7$aAufsatzsammlung$9rswk-swf$2gnd
=689  0\$5DE-101$5DE-101
=689  00$0(DE-588)4064689-0$0https://d-nb.info/gnd/4064689-0$0(DE-101)040646890$Ds$aWasser
=689  01$Af$aAufsatzsammlung
=700  1\$0(DE-588)122812387$0https://d-nb.info/gnd/122812387$0(DE-101)122812387$aSchenkel, Elmar$d1953-$eHerausgeber$4edt$2gnd
=856  42$mB:DE-101$qapplication/pdf$uhttps://d-nb.info/987273795/04$3Inhaltsverzeichnis

