=LDR  01713pam a2200433 c 4500
=001  987274317
=003  DE-101
=005  20171202055136.0
=007  tu
=008  080124s2008\\\\gw\|||||\||||\00||||ger\\
=015  \\$a08,A23,1773$z08,N07,1289$2dnb
=016  7\$2DE-101$a987274317
=020  \\$a3937897283$ckart. : EUR 14.90 (DE)$93-937897-28-3
=020  \\$a9783937897288$ckart. : EUR 14.90 (DE)$9978-3-937897-28-8
=024  3\$a9783937897288
=035  \\$a(DE-599)DNB987274317
=035  \\$a(OCoLC)229449458
=040  \\$a1245$bger$cDE-101$d9999
=041  \\$ager$heng
=044  \\$cXA-DE-RP
=082  74$a820$aB$qDE-101$222sdnb
=090  \\$ab
=100  1\$0(DE-588)118656929$0https://d-nb.info/gnd/118656929$0(DE-101)118656929$aBallard, J. G.$d1930-2009$eVerfasser$4aut$2gnd$1http://viaf.org/viaf/9842556$4http://rdaregistry.info/Elements/w/object/P10061
=240  10$aThe Drowned World$1http://viaf.org/viaf/309277534
=245  10$aParadiese der Sonne$cJ. G. Ballard. Aus dem Engl. von Joachim Körber
=250  \\$a1., ungekürzte dt. Ausg., 1. Aufl.
=259  \\$a11
=264  \1$aBellheim$bEd. Phantasia$c2008
=300  \\$a219 S.$c21 cm
=336  \\$aText$btxt$2rdacontent
=337  \\$aohne Hilfsmittel zu benutzen$bn$2rdamedia
=338  \\$aBand$bnc$2rdacarrier
=490  1\$aPhantasia-Paperback : [...], Science-Fiction$vBd. 1010
=653  \\$a(VLB-PF)BC: Paperback
=653  \\$a(VLB-WN)1131: HC/Belletristik/Science Fiction
=700  12$aBallard, J. G.$d1930-2009$2gnd$tThe drowned world$gdt.
=830  \0$aPhantasia-Paperback / Science-Fiction$n[...]$pScience-Fiction$tPhantasia-Paperback$vBd. 1010$w(DE-101)974088293$w(DE-600)2282270-7$941010$7as
=856  42$mX:MVB$qtext/html$uhttp://deposit.dnb.de/cgi-bin/dokserv?id=3062570&prov=M&dok_var=1&dok_ext=htm$3Inhaltstext

