=LDR  01503nam a2200385uc 4500
=001  1005432074
=003  DE-101
=005  20171202162706.0
=007  cr||||||||||||
=008  100806s2008\\\\gw\|||||o||||\00||||ger\\
=015  \\$a10,O09$2dnb
=016  7\$2DE-101$a1005432074
=020  \\$a9783639096286$9978-3-639-09628-6
=024  7\$2urn$aurn:nbn:de:101:1-201008064779
=035  \\$a(DE-599)DNB1005432074
=035  \\$a(OCoLC)724144943
=040  \\$a1240$bger$cDE-101$d9999
=041  \\$ager
=044  \\$cXA-DE-SL
=082  74$a400$qDE-101$222sdnb
=100  1\$aMATEOS-APARICIO, ANGEL$eVerfasser$4aut
=245  10$aVISIONES SOMBRÍAS DE UN PAÍS INEXPLORADO$bCiencia-ficción y humanismo en la narrativa norteamericana y británica de posguerra: W. Golding, K. Vonnegut, R. Bradbury y J.G. Ballard$cANGEL MATEOS-APARICIO
=264  \1$aSaarbrücken$bVDM Verlag Dr. Müller$c2008
=300  \\$aOnline-Ressource
=336  \\$aText$btxt$2rdacontent
=337  \\$aComputermedien$bc$2rdamedia
=338  \\$aOnline-Ressource$bcr$2rdacarrier
=500  \\$aLizenzpflichtig. - Vom Verlag als Druckwerk on demand angeboten
=583  1\$aArchivierung/Langzeitarchivierung gewährleistet$5DE-101$2pdager
=856  \0$uhttps://d-nb.info/1005432074/34$xLangzeitarchivierung Nationalbibliothek
=856  4\$uhttp://www.vdm-verlag.de$xVerlag
=856  40$uhttps://nbn-resolving.org/urn:nbn:de:101:1-201008064779$xResolving-System

