=LDR  04865pam a2200853 c 4500
=001  981025323
=003  DE-101
=005  20171202004838.0
=007  tu
=008  060828s2006\\\\gw\|||||\m|||\00||||eng\\
=015  \\$a06,A47,1832$z06,N38,1112$2dnb
=016  7\$2DE-101$a981025323
=020  \\$a3825351459$cPp. : EUR 55.00$93-8253-5145-9
=020  \\$a9783825351458$cPp. : EUR 55.00$9978-3-8253-5145-8
=024  3\$a9783825351458
=035  \\$a(DE-599)DNB981025323
=035  \\$a(OCoLC)180948470
=040  \\$a1245$bger$cDE-101$d9999
=041  \\$aeng
=044  \\$cXA-DE-BW
=082  74$a820$qDE-101$222sdnb
=090  \\$ab
=100  1\$0(DE-588)132167913$0https://d-nb.info/gnd/132167913$0(DE-101)132167913$aDitze, Stephan-Alexander$dca. 20./21. Jh.$eVerfasser$4aut$2gnd
=245  10$aAmerica and the Americans in postwar British fiction$ban imagological study of selected novels$cStephan-Alexander Ditze
=264  \1$aHeidelberg$bWinter$c2006
=300  \\$aXIII, 368 S.$c22 cm
=336  \\$aText$btxt$2rdacontent
=337  \\$aohne Hilfsmittel zu benutzen$bn$2rdamedia
=338  \\$aBand$bnc$2rdacarrier
=490  1\$aAmerican studies$vVol. 138
=502  \\$aZugl.: Vechta, Hochsch., Diss., 2004
=600  17$0(DE-588)4390644-8$0https://d-nb.info/gnd/4390644-8$0(DE-101)945949308$aLodge, David$d1935-$tChanging places$9rswk-swf$2gnd
=600  17$0(DE-588)4575212-6$0https://d-nb.info/gnd/4575212-6$0(DE-101)958195757$aWaugh, Evelyn$d1903-1966$tThe loved one$9rswk-swf$2gnd
=600  17$0(DE-588)4678069-5$0https://d-nb.info/gnd/4678069-5$0(DE-101)964019140$aGreene, Graham$d1904-1991$tThe quiet American$9rswk-swf$2gnd
=600  17$0(DE-588)7546757-4$0https://d-nb.info/gnd/7546757-4$0(DE-101)981604684$aAmis, Kingsley$d1922-1995$tOne fat englishman$9rswk-swf$2gnd
=600  17$0(DE-588)7546759-8$0https://d-nb.info/gnd/7546759-8$0(DE-101)98160482X$aBallard, J. G.$d1930-2009$tHello America$9rswk-swf$2gnd
=650  \7$0(DE-588)4001671-7$0https://d-nb.info/gnd/4001671-7$0(DE-101)040016714$aAmerikabild$9rswk-swf$2gnd
=650  \7$0(DE-588)4001671-7$0https://d-nb.info/gnd/4001671-7$0(DE-101)040016714$aAmerikabild$9rswk-swf$2gnd
=650  \7$0(DE-588)4001671-7$0https://d-nb.info/gnd/4001671-7$0(DE-101)040016714$aAmerikabild$9rswk-swf$2gnd
=650  \7$0(DE-588)4001671-7$0https://d-nb.info/gnd/4001671-7$0(DE-101)040016714$aAmerikabild$9rswk-swf$2gnd
=650  \7$0(DE-588)4001671-7$0https://d-nb.info/gnd/4001671-7$0(DE-101)040016714$aAmerikabild$9rswk-swf$2gnd
=653  \\$a(VLB-FS)Amerikabild, britisches
=653  \\$a(VLB-FS)Amis, Kingsley
=653  \\$a(VLB-FS)Ballard, James Graham
=653  \\$a(VLB-FS)Greene, Graham
=653  \\$a(VLB-FS)Imagologie
=653  \\$a(VLB-FS)Lodge, David
=653  \\$a(VLB-FS)Nachkriegsroman, britischer
=653  \\$a(VLB-FS)Stereotypenforschung
=653  \\$a(VLB-FS)Waugh, Evelyn
=653  \\$a(VLB-PF)BB: Gebunden
=653  \\$a(VLB-WG)574: Literaturwissenschaft / Englische Literaturwissenschaft
=653  \\$a(VLB-WI)1: Hardcover, Softcover, Karte
=655  \7$0(DE-588)4113937-9$0https://d-nb.info/gnd/4113937-9$0(DE-101)041139372$aHochschulschrift$2gnd-content
=689  0\$5DE-101$5DE-101
=689  00$0(DE-588)4575212-6$0https://d-nb.info/gnd/4575212-6$0(DE-101)958195757$Dp$aWaugh, Evelyn$d1903-1966$tThe loved one
=689  01$0(DE-588)4001671-7$0https://d-nb.info/gnd/4001671-7$0(DE-101)040016714$Ds$aAmerikabild
=689  1\$5DE-101$5DE-101
=689  10$0(DE-588)4678069-5$0https://d-nb.info/gnd/4678069-5$0(DE-101)964019140$Dp$aGreene, Graham$d1904-1991$tThe quiet American
=689  11$0(DE-588)4001671-7$0https://d-nb.info/gnd/4001671-7$0(DE-101)040016714$Ds$aAmerikabild
=689  2\$5DE-101$5DE-101
=689  20$0(DE-588)7546757-4$0https://d-nb.info/gnd/7546757-4$0(DE-101)981604684$Dp$aAmis, Kingsley$d1922-1995$tOne fat englishman
=689  21$0(DE-588)4001671-7$0https://d-nb.info/gnd/4001671-7$0(DE-101)040016714$Ds$aAmerikabild
=689  3\$5DE-101$5DE-101
=689  30$0(DE-588)4390644-8$0https://d-nb.info/gnd/4390644-8$0(DE-101)945949308$Dp$aLodge, David$d1935-$tChanging places
=689  31$0(DE-588)4001671-7$0https://d-nb.info/gnd/4001671-7$0(DE-101)040016714$Ds$aAmerikabild
=689  4\$5DE-101$5DE-101
=689  40$0(DE-588)7546759-8$0https://d-nb.info/gnd/7546759-8$0(DE-101)98160482X$Dp$aBallard, J. G.$d1930-2009$tHello America
=689  41$0(DE-588)4001671-7$0https://d-nb.info/gnd/4001671-7$0(DE-101)040016714$Ds$aAmerikabild
=830  \0$aAmerican studies$vVol. 138$w(DE-101)014011670$w(DE-600)740217-X$93138$7as
=856  42$mV:DE-603$qapplication/pdf$uhttps://d-nb.info/981025323/04$3Inhaltsverzeichnis
=856  42$mX:MVB$qtext/html$uhttp://deposit.dnb.de/cgi-bin/dokserv?id=2849617&prov=M&dok_var=1&dok_ext=htm$3Inhaltstext

