=LDR  03256pam a2200673 c 4500
=001  981383270
=003  DE-101
=005  20171202010935.0
=007  tu
=008  060928s2006\\\\gw\|||||\||||\00||||eng\\
=015  \\$a06,A51,2467$z06,N43,0935$2dnb
=016  7\$2DE-101$a981383270
=020  \\$a3825352803$cPp. : EUR 42.00$93-8253-5280-3
=020  \\$a9783825352806$cPp. : EUR 42.00$9978-3-8253-5280-6
=024  3\$a9783825352806
=035  \\$a(DE-599)DNB981383270
=035  \\$a(OCoLC)180957435
=040  \\$a1245$bger$cDE-101$d9999
=041  \\$aeng
=044  \\$cXA-DE-BW
=082  74$a820$qDE-101$222sdnb
=090  \\$ab
=245  00$aFantastic body transformations in English literature$ced. by Sabine Coelsch-Foisner. Assistant ed. Sarah Herbe ...
=264  \1$aHeidelberg$bWinter$c2006
=300  \\$a304 S.$bIll.$c24 cm
=336  \\$aText$btxt$2rdacontent
=337  \\$aohne Hilfsmittel zu benutzen$bn$2rdamedia
=338  \\$aBand$bnc$2rdacarrier
=490  1\$aWissenschaft und Kunst$vBd. 4
=650  \7$0(DE-588)4014777-0$0https://d-nb.info/gnd/4014777-0$0(DE-101)040147770$aEnglisch$9rswk-swf$2gnd
=650  \7$0(DE-588)4035964-5$0https://d-nb.info/gnd/4035964-5$0(DE-101)040359646$aLiteratur$9rswk-swf$2gnd
=650  \7$0(DE-588)4045673-0$0https://d-nb.info/gnd/4045673-0$0(DE-101)040456730$aDas Fantastische$9rswk-swf$2gnd
=650  \7$0(DE-588)4164424-4$0https://d-nb.info/gnd/4164424-4$0(DE-101)041644247$aKörper$gMotiv$9rswk-swf$2gnd
=650  \7$0(DE-588)4169647-5$0https://d-nb.info/gnd/4169647-5$0(DE-101)041696476$aMetamorphose$gMotiv$9rswk-swf$2gnd
=653  \\$a(VLB-FS)Ackroyd, Peter
=653  \\$a(VLB-FS)Ballard, J G
=653  \\$a(VLB-FS)Body Transformation
=653  \\$a(VLB-FS)Carter, Angela
=653  \\$a(VLB-FS)Fantastische Literatur
=653  \\$a(VLB-FS)Gothik
=653  \\$a(VLB-FS)Shakespeare, William
=653  \\$a(VLB-PF)BB: Gebunden
=653  \\$a(VLB-WG)562: Fehler
=653  \\$a(VLB-WI)1: Hardcover, Softcover, Karte
=655  \7$0(DE-588)1071861417$0https://d-nb.info/gnd/1071861417$0(DE-101)1071861417$aKonferenzschrift$y2005$2gnd-content
=655  \7$aKongress 2005$9rswk-swf$2gnd
=689  0\$5DE-101$5DE-101
=689  00$0(DE-588)4014777-0$0https://d-nb.info/gnd/4014777-0$0(DE-101)040147770$Ds$aEnglisch
=689  01$0(DE-588)4035964-5$0https://d-nb.info/gnd/4035964-5$0(DE-101)040359646$Ds$aLiteratur
=689  02$0(DE-588)4045673-0$0https://d-nb.info/gnd/4045673-0$0(DE-101)040456730$Ds$aDas Fantastische
=689  03$0(DE-588)4164424-4$0https://d-nb.info/gnd/4164424-4$0(DE-101)041644247$Ds$aKörper$gMotiv
=689  04$0(DE-588)4169647-5$0https://d-nb.info/gnd/4169647-5$0(DE-101)041696476$Ds$aMetamorphose$gMotiv
=689  05$Af$aKongress 2005
=700  1\$0(DE-588)118138197$0https://d-nb.info/gnd/118138197$0(DE-101)118138197$aCoelsch-Foisner, Sabine$d1960-$eHerausgeber$4edt$2gnd
=830  \0$aWissenschaft und Kunst$vBd. 4$w(DE-101)975447866$w(DE-600)2193197-5$914$7as
=856  42$mV:DE-604$qapplication/pdf$uhttps://d-nb.info/981383270/04$3Inhaltsverzeichnis
=856  42$mX:MVB$qtext/html$uhttp://deposit.dnb.de/cgi-bin/dokserv?id=2859328&prov=M&dok_var=1&dok_ext=htm$3Inhaltstext

