=LDR  01345nam a2200385 c 4500
=001  96626911X
=003  DE-101
=005  20171203135415.0
=007  tu
=008  030128s2000\\\\gw\|||||\||||\00||||ger\\
=015  \\$a03,A12,2055$2dnb
=016  7\$2DE-101$a96626911X
=020  \\$a3442839483$ckart. : EUR 17.50$93-442-83948-3
=020  \\$a9783442839483$ckart. : EUR 17.50$9978-3-442-83948-3
=035  \\$a(DE-599)DNB96626911X
=035  \\$a(OCoLC)76713651
=040  \\$a1230$bger$cDE-101$d9999
=041  \\$ager$heng
=044  \\$cXA-DE
=084  \\$a59$a810$a820$a830$a839$a840$a850$a860$a870$a880$a890$aB$qDE-101$2sdnb
=090  \\$ab
=100  1\$0(DE-588)118656929$0https://d-nb.info/gnd/118656929$0(DE-101)118656929$aBallard, J. G.$d1930-2009$eVerfasser$4aut$2gnd$1http://viaf.org/viaf/9842556$4http://rdaregistry.info/Elements/w/object/P10061
=245  10$aHöllentrip ins Paradies$bRoman$cJ. G. Ballard. Dt. von Bernhard Riettz
=250  \\$aPrint-on-Demand-Ausg.
=259  \\$aprod
=264  \1$aMünchen$bGoldmann$c2000
=300  \\$a283 S.$c19 cm
=336  \\$aText$btxt$2rdacontent
=337  \\$aohne Hilfsmittel zu benutzen$bn$2rdamedia
=338  \\$aBand$bnc$2rdacarrier
=490  1\$aGoldmann$v83948
=700  12$aBallard, J. G.$d1930-2009$2gnd$tRushing to paradise$gdt.
=830  \0$aGoldmann$v83948$w(DE-101)01079042X$w(DE-600)135758-X$9583948$7as

