=LDR  01286nam a2200373 c 4500
=001  956206212
=003  DE-101
=005  20171203064619.0
=007  tu
=008  990415s1998\\\\gw\|||||\||||\00||||ger\\
=015  \\$a99,A21,1546$2dnb
=016  7\$2DE-101$a956206212
=020  \\$a3442439612$ckart. : DM 14.90, S 109.00$93-442-43961-2
=020  \\$a9783442439614$ckart. : DM 14.90, S 109.00$9978-3-442-43961-4
=035  \\$a(DE-599)DNB956206212
=035  \\$a(OCoLC)76040816
=040  \\$a1240$bger$cDE-101$d9999
=041  \\$ager$heng
=044  \\$cXA-DE
=084  \\$a59$a810$a820$a830$a839$a840$a850$a860$a870$a880$a890$aB$qDE-101$2sdnb
=090  \\$ab
=100  1\$0(DE-588)118656929$0https://d-nb.info/gnd/118656929$0(DE-101)118656929$aBallard, J. G.$d1930-2009$eVerfasser$4aut$2gnd$1http://viaf.org/viaf/9842556$4http://rdaregistry.info/Elements/w/object/P10061
=245  10$aWeißes Feuer$bRoman$cJ. G. Ballard. Aus dem Engl. von Joachim Körber
=250  \\$aDt. Erstveröff.
=259  \\$adte
=264  \1$aMünchen$bGoldmann$c[1998]
=300  \\$a380 S.$c19 cm
=336  \\$aText$btxt$2rdacontent
=337  \\$aohne Hilfsmittel zu benutzen$bn$2rdamedia
=338  \\$aBand$bnc$2rdacarrier
=490  1\$aGoldmann$v43961
=830  \0$aGoldmann$v43961$w(DE-101)01079042X$w(DE-600)135758-X$9543961$7as

