=LDR  01263nam a2200361 c 4500
=001  949880043
=003  DE-101
=005  20171203013837.0
=007  tu
=008  970227s1997\\\\gw\|||||\||||\00||||ger\\
=015  \\$a97,A16,1799$2dnb
=016  7\$2DE-101$a949880043
=020  \\$a3442435757$ckart. : DM 14.90, S 109.00$93-442-43575-7
=020  \\$a9783442435753$ckart. : DM 14.90, S 109.00$9978-3-442-43575-3
=035  \\$a(DE-599)DNB949880043
=035  \\$a(OCoLC)75923111
=040  \\$a1240$bger$cDE-101$d9999
=041  \\$ager$heng
=044  \\$cXA-DE
=084  \\$a59$a810$a820$a830$a839$a840$a850$a860$a870$a880$a890$aB$qDE-101$2sdnb
=100  1\$0(DE-588)118656929$0https://d-nb.info/gnd/118656929$0(DE-101)118656929$aBallard, J. G.$d1930-2009$eVerfasser$4aut$2gnd$1http://viaf.org/viaf/9842556$4http://rdaregistry.info/Elements/w/object/P10061
=245  10$aHöllentrip ins Paradies$bRoman$cJ. G. Ballard. Dt. von Bernhard Riettz
=250  \\$aDt. Erstausg.
=259  \\$adte
=264  \1$aMünchen$bGoldmann$c1997
=300  \\$a283 S.$c19 cm
=336  \\$aText$btxt$2rdacontent
=337  \\$aohne Hilfsmittel zu benutzen$bn$2rdamedia
=338  \\$aBand$bnc$2rdacarrier
=490  1\$aGoldmann$v43575
=830  \0$aGoldmann$v43575$w(DE-101)01079042X$w(DE-600)135758-X$9543575$7as

