=LDR  01214nam a2200349 c 4500
=001  960311629
=003  DE-101
=005  20171203101721.0
=007  tu
=008  001130s1997\\\\gw\|||||\||||\00||||ger\\
=015  \\$a01,A07,1530$2dnb
=016  7\$2DE-101$a960311629
=020  \\$a3924959447$cGewebe : DM 88.00, S 650.00, sfr 88.00$93-924959-44-7
=020  \\$a9783924959449$cGewebe : DM 88.00, S 650.00, sfr 88.00$9978-3-924959-44-9
=035  \\$a(DE-599)DNB960311629
=035  \\$a(OCoLC)76221712
=040  \\$a1240$bger$cDE-101$d9999
=041  \\$ager$heng
=044  \\$cXA-DE
=084  \\$a59$a810$a820$a830$a839$a840$a850$a860$a870$a880$a890$aB$qDE-101$2sdnb
=090  \\$ab
=100  1\$0(DE-588)118656929$0https://d-nb.info/gnd/118656929$0(DE-101)118656929$aBallard, J. G.$d1930-2009$eVerfasser$4aut$2gnd$1http://viaf.org/viaf/9842556$4http://rdaregistry.info/Elements/w/object/P10061
=240  10$aRunning Wild$1http://viaf.org/viaf/481153289950332770009
=245  10$aRunning wild$bdas Pangbourne-Massaker$cJ. G. Ballard. Aus dem Engl. von Joachim Körber
=250  \\$aLimitierte Aufl.
=259  \\$alia
=264  \1$aBellheim$bEd. Phantasia$c1997
=300  \\$a78 S.$c30 cm
=336  \\$aText$btxt$2rdacontent
=337  \\$aohne Hilfsmittel zu benutzen$bn$2rdamedia
=338  \\$aBand$bnc$2rdacarrier

