=LDR  01077nam a2200313 c 4500
=001  949081140
=003  DE-101
=005  20171203004431.0
=007  tu
=008  961114s1996\\\\gw\|||||\||||\00||||ger\\
=015  \\$a97,A02,1186$2dnb
=016  7\$2DE-101$a949081140
=020  \\$a3924959412$cGewebe : DM 88.00$93-924959-41-2
=020  \\$a9783924959418$cGewebe : DM 88.00$9978-3-924959-41-8
=035  \\$a(DE-599)DNB949081140
=035  \\$a(OCoLC)75849881
=040  \\$a1240$bger$cDE-101$d9999
=041  \\$ager$heng
=044  \\$cXA-DE
=084  \\$a59$a810$a820$a830$a839$a840$a850$a860$a870$a880$a890$aB$qDE-101$2sdnb
=100  1\$0(DE-588)118656929$0https://d-nb.info/gnd/118656929$0(DE-101)118656929$aBallard, J. G.$d1930-2009$eVerfasser$4aut$2gnd$1http://viaf.org/viaf/9842556$4http://rdaregistry.info/Elements/w/object/P10061
=245  10$aKriegsfieber$cJ. G. Ballard. Aus dem Engl. von Joachim Körber
=264  \1$aBellheim$bEd. Phantasia$c1996
=300  \\$a231 S.$c20 cm
=336  \\$aText$btxt$2rdacontent
=337  \\$aohne Hilfsmittel zu benutzen$bn$2rdamedia
=338  \\$aBand$bnc$2rdacarrier

