=LDR  01147nam a2200325 c 4500
=001  949081086
=003  DE-101
=005  20171203004431.0
=007  tu
=008  961114s1996\\\\gw\|||||\||||\00||||ger\\
=015  \\$a97,A13,1688$2dnb
=016  7\$2DE-101$a949081086
=020  \\$a3924959374$cGewebe : DM 88.00$93-924959-37-4
=020  \\$a9783924959371$cGewebe : DM 88.00$9978-3-924959-37-1
=020  \\$z3429959374$cGewebe : DM 88.00$93-429959-37-4
=035  \\$a(DE-599)DNB949081086
=035  \\$a(OCoLC)75849874
=040  \\$a1240$bger$cDE-101$d9999
=041  \\$ager$heng
=044  \\$cXA-DE
=084  \\$a59$a810$a820$a830$a839$a840$a850$a860$a870$a880$a890$aB$qDE-101$2sdnb
=100  1\$0(DE-588)118656929$0https://d-nb.info/gnd/118656929$0(DE-101)118656929$aBallard, J. G.$d1930-2009$eVerfasser$4aut$2gnd$1http://viaf.org/viaf/9842556$4http://rdaregistry.info/Elements/w/object/P10061
=245  10$aStürmt das Paradies!$cJ. G. Ballard. Aus dem Engl. von Bernhard Riettz
=264  \1$aBellheim$bEd. Phantasia$c1996
=300  \\$a315 S.$c20 cm
=336  \\$aText$btxt$2rdacontent
=337  \\$aohne Hilfsmittel zu benutzen$bn$2rdamedia
=338  \\$aBand$bnc$2rdacarrier

