=LDR  01382nam a2200349 c 4500
=001  930049772
=003  DE-101
=005  20171202175004.0
=007  tu
=008  921120s1992\\\\gw\|||||\||||\00||||ger\\
=015  \\$a93,A02,1426$2dnb
=016  7\$2DE-101$a930049772
=020  \\$a3453061241$ckart. : DM 12.80, S 99.50$93-453-06124-1
=020  \\$a9783453061248$ckart. : DM 12.80, S 99.50$9978-3-453-06124-8
=035  \\$a(DE-599)DNB930049772
=035  \\$a(OCoLC)75335805
=040  \\$a1200$bger$cDE-101$d9999
=041  \\$ager
=044  \\$cXA-DE
=084  \\$a59$a810$a820$a830$a839$a840$a850$a860$a870$a880$a890$aB$qDE-101$2sdnb
=100  1\$0(DE-588)118656929$0https://d-nb.info/gnd/118656929$0(DE-101)118656929$aBallard, J. G.$d1930-2009$eVerfasser$4aut$2gnd$1http://viaf.org/viaf/9842556$4http://rdaregistry.info/Elements/w/object/P10061
=245  10$aDas Reich der Sonne$bRoman$cJames G. Ballard. [Aus dem Engl. von Juliane Gräbener und Marianne Menzel]
=264  \1$aMünchen$bHeyne$c1992
=300  \\$a398 S.$c18 cm
=336  \\$aText$btxt$2rdacontent
=337  \\$aohne Hilfsmittel zu benutzen$bn$2rdamedia
=338  \\$aBand$bnc$2rdacarrier
=490  1\$aHeyne-Bücher : 1, Heyne allgemeine Reihe$vNr. 8621
=500  \\$aLizenz des Piper-Verl., München
=700  12$aBallard, J. G.$d1930-2009$2gnd$tEmpire of the sun$gdt.$1http://viaf.org/viaf/180997771
=830  \0$aHeyne-Bücher / 1$n1$pHeyne allgemeine Reihe$tHeyne-Bücher$vNr. 8621$w(DE-101)023536829$w(DE-600)2080203-1$948621$7as

