=LDR  01488nam a2200385 c 4500
=001  930032799
=003  DE-101
=005  20171202174921.0
=007  tu
=008  921202s1992\\\\gw\|||||\||||\00||||ger\\
=015  \\$a93,A02,1425$2dnb
=016  7\$2DE-101$a930032799
=020  \\$a3518380591$ckart. : DM 12.00$93-518-38059-1
=020  \\$a9783518380598$ckart. : DM 12.00$9978-3-518-38059-8
=035  \\$a(DE-599)DNB930032799
=035  \\$a(OCoLC)75334207
=040  \\$a1200$bger$cDE-101$d9999
=041  \\$81\p$ager
=044  \\$cXA-DE
=084  \\$a59$a810$a820$a830$a839$a840$a850$a860$a870$a880$a890$aB$qDE-101$2sdnb
=100  1\$0(DE-588)118656929$0https://d-nb.info/gnd/118656929$0(DE-101)118656929$aBallard, J. G.$d1930-2009$eVerfasser$4aut$2gnd$1http://viaf.org/viaf/9842556$4http://rdaregistry.info/Elements/w/object/P10061
=245  10$aHochhaus$bRoman$cJ. G. Ballard. Aus dem Engl. von Michael Koseler
=250  \\$aErstausg., 1. Aufl.
=259  \\$a11
=264  \1$aFrankfurt am Main$bSuhrkamp$c1992
=300  \\$a185 S.$c18 cm
=336  \\$aText$btxt$2rdacontent
=337  \\$aohne Hilfsmittel zu benutzen$bn$2rdamedia
=338  \\$aBand$bnc$2rdacarrier
=490  1\$aPhantastische Bibliothek$vBd. 288
=490  1\$aSuhrkamp Taschenbuch$v1559
=830  \0$aPhantastische Bibliothek$vBd. 288$w(DE-101)012995118$w(DE-600)547149-7$93288$7as
=830  \0$aSuhrkamp Taschenbuch$v1559$w(DE-101)015103463$w(DE-600)968207-7$941559$7as

