=LDR  01492nam a2200385 c 4500
=001  900812842
=003  DE-101
=005  20171202150717.0
=007  tu
=008  900611s1990\\\\gw\|||||\||||\00||||ger\\
=015  \\$a90,A26,0839$2dnb
=016  7\$2DE-101$a900812842
=020  \\$a3518382527$ckart. : DM 14.00$93-518-38252-7
=020  \\$a9783518382523$ckart. : DM 14.00$9978-3-518-38252-3
=035  \\$a(DE-599)DNB900812842
=035  \\$a(OCoLC)75156118
=040  \\$a1200$bger$cDE-101$d9999
=041  \\$81\p$ager
=044  \\$cXA-DE
=084  \\$a59$a810$a820$a830$a839$a840$a850$a860$a870$a880$a890$aB$qDE-101$2sdnb
=100  1\$0(DE-588)118656929$0https://d-nb.info/gnd/118656929$0(DE-101)118656929$aBallard, J. G.$d1930-2009$eVerfasser$4aut$2gnd$1http://viaf.org/viaf/9842556$4http://rdaregistry.info/Elements/w/object/P10061
=245  10$aDer Garten der Zeit$bdie besten Science-fiction-Erzählungen$cJ. G. Ballard
=250  \\$a1. Aufl.
=259  \\$a11
=264  \1$aFrankfurt am Main$bSuhrkamp$c1990
=300  \\$a298 S.$c18 cm
=336  \\$aText$btxt$2rdacontent
=337  \\$aohne Hilfsmittel zu benutzen$bn$2rdamedia
=338  \\$aBand$bnc$2rdacarrier
=490  1\$aPhantastische Bibliothek$vBd. 256
=490  1\$aSuhrkamp Taschenbuch$v1752
=830  \0$aPhantastische Bibliothek$vBd. 256$w(DE-101)012995118$w(DE-600)547149-7$93256$7as
=830  \0$aSuhrkamp Taschenbuch$v1752$w(DE-101)015103463$w(DE-600)968207-7$941752$7as

