=LDR  01505nam a2200373 c 4500
=001  880552778
=003  DE-101
=005  20171202124213.0
=007  tu
=008  880510s1988\\\\gw\|||||\||||\00||||ger\\
=015  \\$a88,A21,0979$2dnb
=016  7\$2DE-101$a880552778
=020  \\$a3492108997$ckart. : DM 12.80$93-492-10899-7
=020  \\$a9783492108997$ckart. : DM 12.80$9978-3-492-10899-7
=035  \\$a(DE-599)DNB880552778
=035  \\$a(OCoLC)74961756
=040  \\$a1200$bger$cDE-101$d9999
=041  \\$81\p$ager
=044  \\$cXA-DE
=084  \\$a59$a810$a820$a830$a839$a840$a850$a860$a870$a880$a890$aB$qDE-101$2sdnb
=100  1\$0(DE-588)118656929$0https://d-nb.info/gnd/118656929$0(DE-101)118656929$aBallard, J. G.$d1930-2009$eVerfasser$4aut$2gnd$1http://viaf.org/viaf/9842556$4http://rdaregistry.info/Elements/w/object/P10061
=245  10$aDas Reich der Sonne$bRoman$cJ. G. Ballard. Aus d. Engl. von Juliane Gräbener u. Marianne Menzel
=250  \\$a3. Aufl., Neuausg. 1988, (2. Aufl. dieser Ausg.), 21. - 35. Tsd., (11. - 25. Tsd. dieser Ausg.)
=259  \\$a13
=264  \1$aMünchen$aZürich$bPiper$c1988
=300  \\$a339 S.$b1 Kt.$c19 cm
=336  \\$aText$btxt$2rdacontent
=337  \\$aohne Hilfsmittel zu benutzen$bn$2rdamedia
=338  \\$aBand$bnc$2rdacarrier
=490  1\$aPiper$vBd. 899
=700  12$aBallard, J. G.$d1930-2009$2gnd$tEmpire of the sun$gdt.$1http://viaf.org/viaf/180997771
=830  \0$aPiper$vBd. 899$w(DE-101)015122727$w(DE-600)970675-6$93899$7as

