=LDR  01389nam a2200325 c 4500
=001  880630175
=003  DE-101
=005  20171202124537.0
=007  tu
=008  880531s1988\\\\gw\|||||\||||\00||||ger\\
=015  \\$a88,B24,0576$2dnb
=016  7\$2DE-101$a880630175
=020  \\$qnur für Mitglieder
=035  \\$a(DE-599)DNB880630175
=035  \\$a(OCoLC)74977005
=040  \\$a1200$bger$cDE-101$d9999
=041  \\$ager
=044  \\$cXA-DE
=084  \\$a59$a810$a820$a830$a839$a840$a850$a860$a870$a880$a890$aB$qDE-101$2sdnb
=100  1\$0(DE-588)118656929$0https://d-nb.info/gnd/118656929$0(DE-101)118656929$aBallard, J. G.$d1930-2009$eVerfasser$4aut$2gnd$1http://viaf.org/viaf/9842556$4http://rdaregistry.info/Elements/w/object/P10061
=245  10$aDas Reich der Sonne$bRoman$cJ. G. Ballard. [Aus d. Engl. von Juliane Gräbener u. Marianne Menzel]
=264  \1$aGütersloh$bBertelsmann-Club$aKornwestheim$bEBG-Verl.-GmbH$aWien$bBuchgemeinschaft Donauland$aZug/Schweiz$bBuch- u. Schallplattenfreunde$aBerlin$aDarmstadt$aWien$bDt. Buch-Gemeinschaft$c[1988]
=300  \\$a316 S.$bKt.$c22 cm
=336  \\$aText$btxt$2rdacontent
=337  \\$aohne Hilfsmittel zu benutzen$bn$2rdamedia
=338  \\$aBand$bnc$2rdacarrier
=500  \\$aLizenzausg. d. Piper-Verl., München
=700  12$aBallard, J. G.$d1930-2009$2gnd$tEmpire of the sun$gdt.$1http://viaf.org/viaf/180997771
=856  42$mB:DE-101$qapplication/pdf$uhttps://d-nb.info/880630175/04$3Inhaltsverzeichnis

