=LDR  01580nam a2200373 c 4500
=001  890031215
=003  DE-101
=005  20171202132309.0
=007  tu
=008  881220s1988\\\\gw\|||||\||||\00||||ger\\
=015  \\$a89,A02,1497$2dnb
=016  7\$2DE-101$a890031215
=020  \\$a3404241126$ckart. : DM 7.80, sfr 7.80, S 61.00$93-404-24112-6
=020  \\$a9783404241125$ckart. : DM 7.80, sfr 7.80, S 61.00$9978-3-404-24112-5
=035  \\$a(DE-599)DNB890031215
=035  \\$a(OCoLC)75067228
=040  \\$a1200$bger$cDE-101$d9999
=041  \\$81\p$ager
=044  \\$cXA-DE
=084  \\$a59$a810$a820$a830$a839$a840$a850$a860$a870$a880$a890$aB$qDE-101$2sdnb
=245  00$aDas unentdeckte Land$bGeschichten über d. Leben nach d. Tod$chrsg. von Pamela Sargent u. Ian Watson. [J. G. Ballard ...]
=250  \\$aDt. Erstveröff., dt. Lizenzausg., 1. Aufl.
=259  \\$a11
=264  \1$aBergisch Gladbach$bBastei-Verl. Lübbe$c1988
=300  \\$a351 S.$c18 cm
=336  \\$aText$btxt$2rdacontent
=337  \\$aohne Hilfsmittel zu benutzen$bn$2rdamedia
=338  \\$aBand$bnc$2rdacarrier
=490  1\$aBastei-Lübbe-Taschenbuch$vBd. 24112 : Science-fiction-Special
=700  1\$0(DE-588)119500701$0https://d-nb.info/gnd/119500701$0(DE-101)119500701$aSargent, Pamela$d1948-$eHerausgeber$4edt$2gnd
=730  02$aAfterlives$gdt.
=830  \0$aBastei-Lübbe-Taschenbuch$vBd. 24112 : Science-fiction-Special$w(DE-101)010434747$w(DE-600)49563-3$9524112$7as

