=LDR  01533nam a2200397 c 4500
=001  880202572
=003  DE-101
=005  20171202122655.0
=007  tu
=008  880217s1988\\\\gw\|||||\||||\00||||ger\\
=015  \\$a88,A09,0948$2dnb
=016  7\$2DE-101$a880202572
=020  \\$a3518378732$ckart. : DM 10.00$93-518-37873-2
=020  \\$a9783518378731$ckart. : DM 10.00$9978-3-518-37873-1
=035  \\$a(DE-599)DNB880202572
=035  \\$a(OCoLC)74948369
=040  \\$a1200$bger$cDE-101$d9999
=041  \\$ager
=044  \\$cXA-DE
=084  \\$a59$a810$a820$a830$a839$a840$a850$a860$a870$a880$a890$aB$qDE-101$2sdnb
=100  1\$0(DE-588)118656929$0https://d-nb.info/gnd/118656929$0(DE-101)118656929$aBallard, J. G.$d1930-2009$eVerfasser$4aut$2gnd$1http://viaf.org/viaf/9842556$4http://rdaregistry.info/Elements/w/object/P10061
=245  10$aKarneval der Alligatoren$bRoman$cJ. G. Ballard. [Aus d. Engl. von Inge Wiskott]
=250  \\$a1. Aufl.
=259  \\$a11
=264  \1$a[Frankfurt (Main)]$bSuhrkamp$c1988
=300  \\$a148 S.$c18 cm
=336  \\$aText$btxt$2rdacontent
=337  \\$aohne Hilfsmittel zu benutzen$bn$2rdamedia
=338  \\$aBand$bnc$2rdacarrier
=490  1\$aPhantastische Bibliothek$vBd. 191
=490  1\$aSuhrkamp Taschenbuch$v1373
=500  \\$aLizenz d. Von-Schröder-Verl., Düsseldorf
=700  12$aBallard, J. G.$d1930-2009$2gnd$tThe drowned world$gdt.
=830  \0$aPhantastische Bibliothek$vBd. 191$w(DE-101)012995118$w(DE-600)547149-7$93191$7as
=830  \0$aSuhrkamp Taschenbuch$v1373$w(DE-101)015103463$w(DE-600)968207-7$941373$7as

