=LDR  01573nam a2200397 c 4500
=001  870522035
=003  DE-101
=005  20171202113651.0
=007  tu
=008  870413s1987\\\\gw\|||||\||||\00||||ger\\
=015  \\$a87,A18,1089$2dnb
=016  7\$2DE-101$a870522035
=020  \\$a3518377221$ckart. : DM 10.00$93-518-37722-1
=020  \\$a9783518377222$ckart. : DM 10.00$9978-3-518-37722-2
=035  \\$a(DE-599)DNB870522035
=035  \\$a(OCoLC)74827891
=040  \\$a1200$bger$cDE-101$d9999
=041  \\$81\p$ager
=044  \\$cXA-DE
=084  \\$a59$a810$a820$a830$a839$a840$a850$a860$a870$a880$a890$aB$qDE-101$2sdnb
=100  1\$0(DE-588)118656929$0https://d-nb.info/gnd/118656929$0(DE-101)118656929$aBallard, J. G.$d1930-2009$eVerfasser$4aut$2gnd$1http://viaf.org/viaf/9842556$4http://rdaregistry.info/Elements/w/object/P10061
=245  10$aTraum-GmbH$bphantast. Roman$cJ. G. Ballard. [Aus d. Engl. von Michel Bodmer]
=250  \\$a1. Aufl.
=259  \\$a11
=264  \1$aFrankfurt am Main$bSuhrkamp$c1987
=300  \\$a206 S.$c18 cm
=336  \\$aText$btxt$2rdacontent
=337  \\$aohne Hilfsmittel zu benutzen$bn$2rdamedia
=338  \\$aBand$bnc$2rdacarrier
=490  1\$aPhantastische Bibliothek$vBd. 164
=490  1\$aSuhrkamp Taschenbuch$v1222
=700  12$aBallard, J. G.$d1930-2009$2gnd$tThe unlimited dream company$gdt.
=830  \0$aPhantastische Bibliothek$vBd. 164$w(DE-101)012995118$w(DE-600)547149-7$93164$7as
=830  \0$aSuhrkamp Taschenbuch$v1222$w(DE-101)015103463$w(DE-600)968207-7$941222$7as

