=LDR  01307nam a2200349 c 4500
=001  850978769
=003  DE-101
=005  20171202101734.0
=007  tu
=008  851111s1985\\\\gw\|||||\||||\00||||ger\\
=015  \\$a85,A48,0640$2dnb
=016  7\$2DE-101$a850978769
=020  \\$a3492029914$cPp. : DM 36.00$93-492-02991-4
=020  \\$a9783492029919$cPp. : DM 36.00$9978-3-492-02991-9
=035  \\$a(DE-599)DNB850978769
=035  \\$a(OCoLC)260162053
=040  \\$a1200$bger$cDE-101$d9999
=041  \\$ager
=044  \\$cXA-DE
=084  \\$a59$a810$a820$a830$a839$a840$a850$a860$a870$a880$a890$aB$qDE-101$2sdnb
=100  1\$0(DE-588)118656929$0https://d-nb.info/gnd/118656929$0(DE-101)118656929$aBallard, J. G.$d1930-2009$eVerfasser$4aut$2gnd$1http://viaf.org/viaf/9842556$4http://rdaregistry.info/Elements/w/object/P10061
=245  10$aDas Reich der Sonne$bRoman$cJ. G. Ballard. [Aus d. Engl. von Juliane Gräbener u. Marianne Menzel]
=250  \\$a[1. - 10. Tsd.]
=259  \\$a11
=264  \1$aMünchen$aZürich$bPiper$c1985
=300  \\$a339 S.$c22 cm
=336  \\$aText$btxt$2rdacontent
=337  \\$aohne Hilfsmittel zu benutzen$bn$2rdamedia
=338  \\$aBand$bnc$2rdacarrier
=700  12$aBallard, J. G.$d1930-2009$2gnd$tEmpire of the sun$gdt.$1http://viaf.org/viaf/180997771
=856  42$mB:DE-101$qapplication/pdf$uhttps://d-nb.info/850978769/04$3Inhaltsverzeichnis

