=LDR  01305nam a2200325 c 4500
=001  870493159
=003  DE-101
=005  20171202113540.0
=007  tu
=008  870406s1985\\\\gw\|||||\||||\00||||ger\\
=015  \\$a87,B17,0704$2dnb
=016  7\$2DE-101$a870493159
=020  \\$a3924959048$cPp. : DM 78.00$93-924959-04-8
=020  \\$a9783924959043$cPp. : DM 78.00$9978-3-924959-04-3
=035  \\$a(DE-599)DNB870493159
=035  \\$a(OCoLC)74826150
=040  \\$a1200$bger$cDE-101$d9999
=041  \\$ager
=044  \\$cXA-DE
=084  \\$a59$a810$a820$a830$a839$a840$a850$a860$a870$a880$a890$aB$qDE-101$2sdnb
=100  1\$0(DE-588)118656929$0https://d-nb.info/gnd/118656929$0(DE-101)118656929$aBallard, J. G.$d1930-2009$eVerfasser$4aut$2gnd$1http://viaf.org/viaf/9842556$4http://rdaregistry.info/Elements/w/object/P10061
=245  10$aDie Schreckensgalerie$cJ. G. Ballard. Aus d. Engl. von Carl Weissner
=264  \1$aLinkenheim$bEd. Phantasia$cc 1985
=300  \\$a225 S.$c20 cm
=336  \\$aText$btxt$2rdacontent
=337  \\$aohne Hilfsmittel zu benutzen$bn$2rdamedia
=338  \\$aBand$bnc$2rdacarrier
=500  \\$aDieses Buch erscheint in e. einmaligen, auf 200 Ex. limitierten u. numerierten Ausg. Die röm. I - XXX numerierten Ex. gelangen nicht in d. Handel
=700  12$aBallard, J. G.$d1930-2009$2gnd$tThe atrocity exhibition$gdt.

