=LDR  01798pam a2200433 c 4500
=001  850541085
=003  DE-101
=005  20171202095502.0
=007  tu
=008  870518s1985\\\\gw\|||||\||||\00||||ger\\
=015  \\$a87,A23,0936$z85,N25,0228$2dnb
=016  7\$2DE-101$a850541085
=020  \\$a3890482066$ckart. : DM 19.80$93-89048-206-6
=020  \\$a9783890482064$ckart. : DM 19.80$9978-3-89048-206-4
=035  \\$a(DE-599)DNB850541085
=035  \\$a(OCoLC)239989455
=040  \\$a1200$bger$cDE-101$d9999
=041  \\$ager
=043  \\$cXA-GB
=044  \\$cXA-DE
=084  \\$a12.2p$qDE-101$2sswd
=084  \\$a52$a420$a810$a820$qDE-101$2sdnb
=245  00$aJ. G. Ballard - der Visionär des Phantastischen$chrsg. von Joachim Körber
=264  \1$aMeitingen$bCorian-Verlag Wimmer$c1985
=300  \\$a176 S.$c21 cm
=336  \\$aText$btxt$2rdacontent
=337  \\$aohne Hilfsmittel zu benutzen$bn$2rdamedia
=338  \\$aBand$bnc$2rdacarrier
=490  1\$aEdition Futurum$vBd. 6
=600  17$0(DE-588)118656929$0https://d-nb.info/gnd/118656929$0(DE-101)118656929$aBallard, J. G.$d1930-2009$9rswk-swf$2gnd
=655  \7$0(DE-588)4143413-4$0https://d-nb.info/gnd/4143413-4$0(DE-101)041434137$aAufsatzsammlung$2gnd-content
=655  \7$aAufsatzsammlung$9rswk-swf$2gnd
=689  0\$5DE-101$5DE-101
=689  00$0(DE-588)118656929$0https://d-nb.info/gnd/118656929$0(DE-101)118656929$Dp$aBallard, J. G.$d1930-2009
=689  01$Af$aAufsatzsammlung
=700  1\$0(DE-588)120147955$0https://d-nb.info/gnd/120147955$0(DE-101)120147955$aKörber, Joachim$d1958-$eHerausgeber$4edt$2gnd
=830  \0$aEdition Futurum$vBd. 6$w(DE-101)011516437$w(DE-600)252313-9$916$7as
=856  42$mV:DE-605$qapplication/pdf$uhttps://d-nb.info/850541085/04$3Inhaltsverzeichnis

