=LDR  01501nam a2200385 c 4500
=001  850831253
=003  DE-101
=005  20171202100939.0
=007  tu
=008  850930s1985\\\\gw\|||||\||||\00||||ger\\
=015  \\$a85,A42,0734$2dnb
=016  7\$2DE-101$a850831253
=020  \\$a3518376675$ckart. : DM 9.00$93-518-37667-5
=020  \\$a9783518376676$ckart. : DM 9.00$9978-3-518-37667-6
=035  \\$a(DE-599)DNB850831253
=035  \\$a(OCoLC)74707798
=040  \\$a1200$bger$cDE-101$d9999
=041  \\$ager
=044  \\$cXA-DE
=084  \\$a59$a810$a820$a830$a839$a840$a850$a860$a870$a880$a890$aB$qDE-101$2sdnb
=100  1\$0(DE-588)118656929$0https://d-nb.info/gnd/118656929$0(DE-101)118656929$aBallard, J. G.$d1930-2009$eVerfasser$4aut$2gnd$1http://viaf.org/viaf/9842556$4http://rdaregistry.info/Elements/w/object/P10061
=245  10$aMythen der nahen Zukunft$bScience-fiction-Erzählungen$cJ. G. Ballard. Aus d. Engl. von Franz Rottensteiner
=250  \\$a1. Aufl.
=259  \\$a11
=264  \1$aFrankfurt am Main$bSuhrkamp$c1985
=300  \\$a193 S.$c18 cm
=336  \\$aText$btxt$2rdacontent
=337  \\$aohne Hilfsmittel zu benutzen$bn$2rdamedia
=338  \\$aBand$bnc$2rdacarrier
=490  1\$aPhantastische Bibliothek$vBd. 154
=490  1\$aSuhrkamp Taschenbuch$v1167
=700  12$aBallard, J. G.$d1930-2009$2gnd$tMyths of the near future$gdt.
=830  \0$aPhantastische Bibliothek$vBd. 154$w(DE-101)012995118$w(DE-600)547149-7$93154$7as
=830  \0$aSuhrkamp Taschenbuch$v1167$w(DE-101)015103463$w(DE-600)968207-7$941167$7as

