=LDR  01595nam a2200397 c 4500
=001  840960751
=003  DE-101
=005  20171202092010.0
=007  tu
=008  841010s1984\\\\gw\|||||\||||\00||||ger\\
=015  \\$a84,A43,0846$2dnb
=016  7\$2DE-101$a840960751
=020  \\$a3518375148$ckart. : DM 9.00$93-518-37514-8
=020  \\$a9783518375143$ckart. : DM 9.00$9978-3-518-37514-3
=035  \\$a(DE-599)DNB840960751
=035  \\$a(OCoLC)720964201
=040  \\$a1200$bger$cDE-101$d9999
=041  \\$ager
=044  \\$cXA-DE
=084  \\$a59$a810$a820$a830$a839$a840$a850$a860$a870$a880$a890$aB$qDE-101$2sdnb
=100  1\$0(DE-588)118656929$0https://d-nb.info/gnd/118656929$0(DE-101)118656929$aBallard, J. G.$d1930-2009$eVerfasser$4aut$2gnd$1http://viaf.org/viaf/9842556$4http://rdaregistry.info/Elements/w/object/P10061
=245  10$aDer vierdimensionale Alptraum$bScience-fiction-Erzählungen$cJ. G. Ballard. [Aus d. Engl. von Wolfgang Eisermann]
=250  \\$a1. Aufl.
=259  \\$a11
=264  \1$a[Frankfurt (Main)]$bSuhrkamp$c1984
=300  \\$a227 S.$c18 cm
=336  \\$aText$btxt$2rdacontent
=337  \\$aohne Hilfsmittel zu benutzen$bn$2rdamedia
=338  \\$aBand$bnc$2rdacarrier
=490  1\$aPhantastische Bibliothek$vBd. 127
=490  1\$aSuhrkamp Taschenbuch$v1014
=500  \\$aLizenzausg. d. Schröder-Verl., Hamburg u. Düsseldorf
=700  12$aBallard, J. G.$d1930-2009$2gnd$tThe fourdimensional nightmare$gdt.
=830  \0$aPhantastische Bibliothek$vBd. 127$w(DE-101)012995118$w(DE-600)547149-7$93127$7as
=830  \0$aSuhrkamp Taschenbuch$v1014$w(DE-101)015103463$w(DE-600)968207-7$941014$7as

