=LDR  01467nam a2200385 c 4500
=001  840676891
=003  DE-101
=005  20171202090602.0
=007  tu
=008  840918s1984\\\\gw\|||||\||||\00||||ger\\
=015  \\$a84,A28,0745$2dnb
=016  7\$2DE-101$a840676891
=020  \\$a3518373951$ckart. : DM 8.00$93-518-37395-1
=020  \\$a9783518373958$ckart. : DM 8.00$9978-3-518-37395-8
=035  \\$a(DE-599)DNB840676891
=035  \\$a(OCoLC)260153793
=040  \\$a1200$bger$cDE-101$d9999
=041  \\$ager
=044  \\$cXA-DE
=084  \\$a59$a810$a820$a830$a839$a840$a850$a860$a870$a880$a890$aB$qDE-101$2sdnb
=100  1\$0(DE-588)118656929$0https://d-nb.info/gnd/118656929$0(DE-101)118656929$aBallard, J. G.$d1930-2009$eVerfasser$4aut$2gnd$1http://viaf.org/viaf/9842556$4http://rdaregistry.info/Elements/w/object/P10061
=245  10$aHallo Amerika!$bScience-fiction-Roman$cJ. G. Ballard. [Aus d. Engl. von Rudolf Hermstein]
=250  \\$a1. Aufl.
=259  \\$a11
=264  \1$aFrankfurt am Main$bSuhrkamp$c1984
=300  \\$a199 S.$c18 cm
=336  \\$aText$btxt$2rdacontent
=337  \\$aohne Hilfsmittel zu benutzen$bn$2rdamedia
=338  \\$aBand$bnc$2rdacarrier
=490  1\$aPhantastische Bibliothek$vBd. 95
=490  1\$aSuhrkamp Taschenbuch$v895
=700  12$aBallard, J. G.$d1930-2009$2gnd$tHello America!$gdt.
=830  \0$aPhantastische Bibliothek$vBd. 95$w(DE-101)012995118$w(DE-600)547149-7$9295$7as
=830  \0$aSuhrkamp Taschenbuch$v895$w(DE-101)015103463$w(DE-600)968207-7$93895$7as

