=LDR  01385nam a2200373 c 4500
=001  831079215
=003  DE-101
=005  20171202083158.0
=007  tu
=008  830915s1983\\\\gw\|||||\||||\00||||ger\\
=015  \\$a83,A45,0627$2dnb
=016  7\$2DE-101$a831079215
=020  \\$a3518374249$ckart. : DM 9.00$93-518-37424-9
=020  \\$a9783518374245$ckart. : DM 9.00$9978-3-518-37424-5
=035  \\$a(DE-599)DNB831079215
=035  \\$a(OCoLC)260149445
=040  \\$a1200$bger$cDE-101$d9999
=041  \\$ager
=044  \\$cXA-DE
=084  \\$a59$a810$a820$a830$a839$a840$a850$a860$a870$a880$a890$aB$qDE-101$2sdnb
=100  1\$0(DE-588)118656929$0https://d-nb.info/gnd/118656929$0(DE-101)118656929$aBallard, J. G.$d1930-2009$eVerfasser$4aut$2gnd$1http://viaf.org/viaf/9842556$4http://rdaregistry.info/Elements/w/object/P10061
=245  10$aDas Katastrophengebiet$bScience-fiction-Erzählungen$cJ. G. Ballard
=250  \\$a1. Aufl.
=259  \\$a11
=264  \1$aFrankfurt am Main$bSuhrkamp$c1983
=300  \\$a176 S.$c18 cm
=336  \\$aText$btxt$2rdacontent
=337  \\$aohne Hilfsmittel zu benutzen$bn$2rdamedia
=338  \\$aBand$bnc$2rdacarrier
=490  1\$aPhantastische Bibliothek$vBd. 103
=490  1\$aSuhrkamp Taschenbuch$v924
=830  \0$aPhantastische Bibliothek$vBd. 103$w(DE-101)012995118$w(DE-600)547149-7$93103$7as
=830  \0$aSuhrkamp Taschenbuch$v924$w(DE-101)015103463$w(DE-600)968207-7$93924$7as

