=LDR  01573nam a2200397 c 4500
=001  821181262
=003  DE-101
=005  20171202074429.0
=007  tu
=008  820930s1982\\\\gw\|||||\||||\00||||ger\\
=015  \\$a82,A47,0743$2dnb
=016  7\$2DE-101$a821181262
=020  \\$a3518373331$ckart. : DM 9.00$93-518-37333-1
=020  \\$a9783518373330$ckart. : DM 9.00$9978-3-518-37333-0
=035  \\$a(DE-599)DNB821181262
=035  \\$a(OCoLC)714266928
=040  \\$a1200$bger$cDE-101$d9999
=041  \\$ager
=044  \\$cXA-DE
=084  \\$a59$a810$a820$a830$a839$a840$a850$a860$a870$a880$a890$aB$qDE-101$2sdnb
=100  1\$0(DE-588)118656929$0https://d-nb.info/gnd/118656929$0(DE-101)118656929$aBallard, J. G.$d1930-2009$eVerfasser$4aut$2gnd$1http://viaf.org/viaf/9842556$4http://rdaregistry.info/Elements/w/object/P10061
=245  10$aDie tausend Träume von Stellavista und andere Vermilion-Sands-Stories$cJ. G. Ballard. [Aus d. Engl. von Alfred Scholz]
=250  \\$a1. Aufl.
=259  \\$a11
=264  \1$a[Frankfurt (Main)]$bSuhrkamp$c1982
=300  \\$a201 S.$c18 cm
=336  \\$aText$btxt$2rdacontent
=337  \\$aohne Hilfsmittel zu benutzen$bn$2rdamedia
=338  \\$aBand$bnc$2rdacarrier
=490  1\$aPhantastische Bibliothek$vBd. 79
=490  1\$aSuhrkamp Taschenbuch$v833
=500  \\$aLizenz d. v.-Schröder-Verl., Hamburg, Düsseldorf
=700  12$aBallard, J. G.$d1930-2009$2gnd$tVermilion Sands$gdt.
=830  \0$aPhantastische Bibliothek$vBd. 79$w(DE-101)012995118$w(DE-600)547149-7$9279$7as
=830  \0$aSuhrkamp Taschenbuch$v833$w(DE-101)015103463$w(DE-600)968207-7$93833$7as

