=LDR  01266nam a2200325 c 4500
=001  820919837
=003  DE-101
=005  20190405144803.0
=007  tu
=008  820719s1982\\\\gw\|||||\||||\00||||ger\\
=015  \\$a82,A36,0827$2dnb
=016  7\$2DE-101$a820919837
=020  \\$a3885920158$ckart. : DM 24.80$93-88592-015-8
=020  \\$a9783885920151$ckart. : DM 24.80$9978-3-88592-015-1
=035  \\$a(DE-599)DNB820919837
=035  \\$a(OCoLC)74531593
=040  \\$a1200$bger$cDE-101$d1180
=041  \\$ager
=044  \\$cXA-DE
=084  \\$a59$a810$a820$a830$a839$a840$a850$a860$a870$a880$a890$aB$qDE-101$2sdnb
=100  1\$0(DE-588)118656929$0https://d-nb.info/gnd/118656929$0(DE-101)118656929$aBallard, J. G.$d1930-2009$eVerfasser$4aut$2gnd$1http://viaf.org/viaf/9842556$4http://rdaregistry.info/Elements/w/object/P10061
=245  10$aFreiflüge$be. phantast. Roman$cJ. G. Ballard. [Aus d. Engl. von Michael Walter. Mit e. Metamorphose von Mario Fuhr]
=264  \1$aFrankfurt am Main$bRobinson$c1982
=300  \\$a268 S.$bIll.$c18 cm
=336  \\$aText$btxt$2rdacontent
=337  \\$aohne Hilfsmittel zu benutzen$bn$2rdamedia
=338  \\$aBand$bnc$2rdacarrier
=490  0\$3Bibliothek des Abenteuers $aRobinsons Neue Welten
=700  12$aBallard, J. G.$d1930-2009$2gnd$tThe unlimited dream company$gdt.

