=LDR  01440nam a2200373 c 4500
=001  830203095
=003  DE-101
=005  20171202075600.0
=007  tu
=008  821215s1982\\\\gw\|||||\||||\00||||ger\\
=015  \\$a83,A08,0993$2dnb
=016  7\$2DE-101$a830203095
=020  \\$a3453308026$ckart. : DM 5.80$93-453-30802-6
=020  \\$a9783453308022$ckart. : DM 5.80$9978-3-453-30802-2
=035  \\$a(DE-599)DNB830203095
=035  \\$a(OCoLC)74571733
=040  \\$a1200$bger$cDE-101$d9999
=041  \\$ager
=044  \\$cXA-DE
=084  \\$a59$a810$a820$a830$a839$a840$a850$a860$a870$a880$a890$aB$qDE-101$2sdnb
=100  1\$0(DE-588)118656929$0https://d-nb.info/gnd/118656929$0(DE-101)118656929$aBallard, J. G.$d1930-2009$eVerfasser$4aut$2gnd$1http://viaf.org/viaf/9842556$4http://rdaregistry.info/Elements/w/object/P10061
=245  10$aKarneval der Alligatoren$bScience-fiction-Roman$cJames Graham Ballard. [Dt. Übers. von Inge Wiskott]
=250  \\$aSonderausg. d. Heyne-Buchs Nr. 06/3308
=259  \\$a16
=264  \1$aMünchen$bHeyne$c1982
=300  \\$a203 S.$bIll.$c18 cm
=336  \\$aText$btxt$2rdacontent
=337  \\$aohne Hilfsmittel zu benutzen$bn$2rdamedia
=338  \\$aBand$bnc$2rdacarrier
=490  1\$aHeyne-Bücher : 06, Bibliothek d. Science-fiction-Literatur$vNr. 11
=500  \\$aAus d. Engl. übers. - Lizenzausg. d. Suhrkamp-Verl.
=700  12$aBallard, J. G.$d1930-2009$2gnd$tThe drowned world$gdt.
=830  \0$aHeyne-Bücher / 06$vNr. 11$9211

