=LDR  01466nam a2200385 c 4500
=001  820912689
=003  DE-101
=005  20171202073447.0
=007  tu
=008  820716s1982\\\\gw\|||||\||||\00||||ger\\
=015  \\$a82,A36,0828$2dnb
=016  7\$2DE-101$a820912689
=020  \\$a3518373188$ckart. : DM 7.00$93-518-37318-8
=020  \\$a9783518373187$ckart. : DM 7.00$9978-3-518-37318-7
=035  \\$a(DE-599)DNB820912689
=035  \\$a(OCoLC)310850161
=040  \\$a1200$bger$cDE-101$d9999
=041  \\$ager
=044  \\$cXA-DE
=084  \\$a59$a810$a820$a830$a839$a840$a850$a860$a870$a880$a890$aB$qDE-101$2sdnb
=100  1\$0(DE-588)118656929$0https://d-nb.info/gnd/118656929$0(DE-101)118656929$aBallard, J. G.$d1930-2009$eVerfasser$4aut$2gnd$1http://viaf.org/viaf/9842556$4http://rdaregistry.info/Elements/w/object/P10061
=245  10$aKristallwelt$bRoman$cJ. G. Ballard. [Aus d. Engl. übers. von Margarete Bormann]
=250  \\$a1. Aufl.
=259  \\$a11
=264  \1$aFrankfurt am Main$bSuhrkamp$c1982
=300  \\$a176 S.$c18 cm
=336  \\$aText$btxt$2rdacontent
=337  \\$aohne Hilfsmittel zu benutzen$bn$2rdamedia
=338  \\$aBand$bnc$2rdacarrier
=490  1\$aPhantastische Bibliothek$vBd. 75
=490  1\$aSuhrkamp Taschenbuch$v818
=700  12$aBallard, J. G.$d1930-2009$2gnd$tThe crystal world$gdt.
=830  \0$aPhantastische Bibliothek$vBd. 75$w(DE-101)012995118$w(DE-600)547149-7$9275$7as
=830  \0$aSuhrkamp Taschenbuch$v818$w(DE-101)015103463$w(DE-600)968207-7$93818$7as

