=LDR  01313nam a2200373 c 4500
=001  780154029
=003  DE-101
=005  20171202031356.0
=007  tu
=008  780216s1978\\\\gw\|||||\||||\00||||ger\\
=015  \\$a78,A15,0291$2dnb
=016  7\$2DE-101$a780154029
=020  \\$a3453304888$ckart. : DM 3.80$93-453-30488-8
=020  \\$a9783453304888$ckart. : DM 3.80$9978-3-453-30488-8
=035  \\$a(DE-599)DNB780154029
=035  \\$a(OCoLC)74418120
=040  \\$a1200$bger$cDE-101$d9999
=041  \\$ager
=044  \\$cXA-DE
=082  74$a810$aB$qDE-101$222sdnb
=100  1\$0(DE-588)118656929$0https://d-nb.info/gnd/118656929$0(DE-101)118656929$aBallard, J. G.$d1930-2009$eVerfasser$4aut$2gnd$1http://viaf.org/viaf/9842556$4http://rdaregistry.info/Elements/w/object/P10061
=245  10$aWelt in Flammen$bScience-fiction-Roman$cJames Graham Ballard. [Dt. Übers. von Wulf H. Berger]
=250  \\$aNeuaufl.
=259  \\$ane
=264  \1$aMünchen$bHeyne$c1978
=300  \\$a174 S.$c18 cm
=336  \\$aText$btxt$2rdacontent
=337  \\$aohne Hilfsmittel zu benutzen$bn$2rdamedia
=338  \\$aBand$bnc$2rdacarrier
=490  1\$aHeyne-Bücher$vNr. 3114 : Science fiction
=500  \\$aAus d. Amerikan. übers.
=700  12$aBallard, J. G.$d1930-2009$2gnd$tThe burning world$gdt.
=830  \0$aHeyne-Bücher$vNr. 3114 : Science fiction$943114

