=LDR  01411nam a2200349 c 4500
=001  740357689
=003  DE-101
=005  20171201234105.0
=007  tu
=008  740729s1974\\\\gw\|||||\||||\00||||ger\\
=015  \\$a74,A31,0687$2dnb
=016  7\$2DE-101$a740357689
=020  \\$a3878240023$ckart. (Preis nicht mitgeteilt)$93-87824-002-3
=020  \\$a9783878240020$ckart. (Preis nicht mitgeteilt)$9978-3-87824-002-0
=035  \\$a(DE-599)DNB740357689
=035  \\$a(OCoLC)253444867
=040  \\$a1200$bger$cDE-101$d9999
=041  \\$ager
=044  \\$cXA-DE
=084  \\$a12a$a700$a710$a720$a730$a740$a750$a760$a900$a930$qDE-101$2sdnb
=100  1\$0(DE-588)118523481$0https://d-nb.info/gnd/118523481$0(DE-101)118523481$aDalí, Salvador$d1904-1989$eVerfasser$4aut$2gnd
=245  10$aDali$cmit e. Einf. von J. G. Ballard. Hrsg. von David Larkin
=264  \1$aHamburg$bTransatlantik$aNew York$bBallantine Books$c1974
=300  \\$a[48] Bl.$büberwiegend Ill. (farb.);$c30 cm
=336  \\$aunbewegtes Bild$bsti$2rdacontent
=337  \\$aohne Hilfsmittel zu benutzen$bn$2rdamedia
=338  \\$aBand$bnc$2rdacarrier
=500  \\$aEnth. u.a. d. Abb. d. Gemäldes: Composition: Evocation of Lenin
=600  17$aDali, Salvador$2local
=650  \7$aBildband$xMalerei$2local
=655  \7$0(DE-588)4145395-5$0https://d-nb.info/gnd/4145395-5$0(DE-101)041453956$aBildband$2gnd-content

