=LDR  01403nam a2200349 c 4500
=001  740524933
=003  DE-101
=005  20171201234922.0
=007  tu
=008  741111s1974\\\\gw\|||||\||||\00||||ger\\
=015  \\$a74,A46,0312$2dnb
=016  7\$2DE-101$a740524933
=020  \\$a3453302893$ckart. : DM 3.80$93-453-30289-3
=020  \\$a9783453302891$ckart. : DM 3.80$9978-3-453-30289-1
=035  \\$a(DE-599)DNB740524933
=035  \\$a(OCoLC)74162257
=040  \\$a1200$bger$cDE-101$d9999
=041  \\$ager
=044  \\$cXA-DE
=084  \\$a59$a810$a820$a830$a839$a840$a850$a860$a870$a880$a890$aB$qDE-101$2sdnb
=100  1\$0(DE-588)118656929$0https://d-nb.info/gnd/118656929$0(DE-101)118656929$aBallard, J. G.$d1930-2009$eVerfasser$4aut$2gnd$1http://viaf.org/viaf/9842556$4http://rdaregistry.info/Elements/w/object/P10061
=243  10$aSammlung$ldt.
=245  10$aDie tausend Träume von Stellavista$bScience-Fiction-Roman$cJ. G. Ballard. [Dt. Übers. von Alfred Scholz]
=264  \1$aMünchen$bHeyne$c1974
=300  \\$a188 S.;$c18 cm
=336  \\$aText$btxt$2rdacontent
=337  \\$aohne Hilfsmittel zu benutzen$bn$2rdamedia
=338  \\$aBand$bnc$2rdacarrier
=490  1\$aHeyne-Bücher$vNr. 3394 : Science-fiction
=500  \\$aOrig.-Ausg. u. d. T.: Ballard, James Graham: The four-dimensional nightmare. - Lizenz d. Marion-von-Schroeder-Verl., Düsseldorf, Hamburg.
=830  \0$aHeyne-Bücher$vNr. 3394 : Science-fiction$943394

