=LDR  01205nam a2200337 c 4500
=001  730171698
=003  DE-101
=005  20171201225842.0
=007  tu
=008  730610s1973\\\\gw\|||||\||||\00||||ger\\
=015  \\$a73,A24,0272$2dnb
=016  7\$2DE-101$a730171698
=020  \\$ckart. : DM 2.80
=035  \\$a(DE-599)DNB730171698
=035  \\$a(OCoLC)74112987
=040  \\$a1200$bger$cDE-101$d9999
=041  \\$ager
=044  \\$cXA-DE
=082  74$a810$aB$qDE-101$222sdnb
=100  1\$0(DE-588)118656929$0https://d-nb.info/gnd/118656929$0(DE-101)118656929$aBallard, J. G.$d1930-2009$eVerfasser$4aut$2gnd$1http://viaf.org/viaf/9842556$4http://rdaregistry.info/Elements/w/object/P10061
=243  10$aSammlung$ldt.
=245  10$aDer unmögliche Mensch$bScience-Fiction-Stories$cJ. G. Ballard. [Dt. Übers. von Alfred Scholz]
=264  \1$aMünchen$bHeyne$c1973
=300  \\$a126 S.;$c18 cm
=336  \\$aText$btxt$2rdacontent
=337  \\$aohne Hilfsmittel zu benutzen$bn$2rdamedia
=338  \\$aBand$bnc$2rdacarrier
=490  1\$aHeyne-Bücher$vNr. 3324 : Science fiction
=500  \\$aOrig.-Ausg. u. d. T.: Ballard, James Graham: The impossible man. - Übers. aus d. Amerikan.
=830  \0$aHeyne-Bücher$vNr. 3324 : Science fiction$943324

