=LDR  01298nam a2200337 c 4500
=001  730289990
=003  DE-101
=005  20171201230440.0
=007  tu
=008  730909s1973\\\\gw\|||||\||||\00||||ger\\
=015  \\$a73,A37,0323$2dnb
=016  7\$2DE-101$a730289990
=020  \\$a3547711584$cLw. : DM 24.00$93-547-71158-4
=020  \\$a9783547711585$cLw. : DM 24.00$9978-3-547-71158-5
=035  \\$a(DE-599)DNB730289990
=035  \\$a(OCoLC)1070881939
=035  \\$a(OCoLC)74127158
=040  \\$a1200$bger$cDE-101$d9999
=041  \\$ager
=044  \\$cXA-DE
=084  \\$a59$a810$a820$a830$a839$a840$a850$a860$a870$a880$a890$aB$qDE-101$2sdnb
=100  1\$0(DE-588)118656929$0https://d-nb.info/gnd/118656929$0(DE-101)118656929$aBallard, J. G.$d1930-2009$eVerfasser$4aut$2gnd$1http://viaf.org/viaf/9842556$4http://rdaregistry.info/Elements/w/object/P10061
=245  10$aDer vier-dimensionale Alptraum$bErzählungen$cJ. G. Ballard. Dt. von Wolfgang Eisermann
=264  \1$aHamburg, Düsseldorf$bvon Schröder$c1973
=300  \\$a320 S.;$c19 cm
=336  \\$aText$btxt$2rdacontent
=337  \\$aohne Hilfsmittel zu benutzen$bn$2rdamedia
=338  \\$aBand$bnc$2rdacarrier
=500  \\$aÜbers. aus d. Engl. - Enth. u.a. d. Erzählg: Der Klangsauger
=700  12$aBallard, J. G.$d1930-2009$2gnd$tThe four-dimensional nightmare$gdt.

