=LDR  01284nam a2200361 c 4500
=001  730233030
=003  DE-101
=005  20171201230135.0
=007  tu
=008  730722s1972\\\\gw\|||||\||||\00||||ger\\
=015  \\$a73,A30,0324$2dnb
=016  7\$2DE-101$a730233030
=020  \\$a3547711576$ckart. : DM 12.00$93-547-71157-6
=020  \\$a9783547711578$ckart. : DM 12.00$9978-3-547-71157-8
=035  \\$a(DE-599)DNB730233030
=035  \\$a(OCoLC)1070205051
=035  \\$a(OCoLC)74121283
=040  \\$a1200$bger$cDE-101$d9999
=041  \\$ager
=044  \\$cXA-DE
=084  \\$a59$a810$a820$a830$a839$a840$a850$a860$a870$a880$a890$aB$qDE-101$2sdnb
=100  1\$0(DE-588)118656929$0https://d-nb.info/gnd/118656929$0(DE-101)118656929$aBallard, J. G.$d1930-2009$eVerfasser$4aut$2gnd$1http://viaf.org/viaf/9842556$4http://rdaregistry.info/Elements/w/object/P10061
=243  10$aSammlung$ldt.
=245  10$aDie Tausend Träume von Stellavista und andere Vermilion-Sands-Stories$cJ. G. Ballard. Aus d. Engl. von Alfred Scholz
=250  \\$a1. Aufl.
=259  \\$a11
=264  \1$aHamburg, Düsseldorf$bvon Schröder$c1972
=300  \\$a251 S.;$c21 cm
=336  \\$aText$btxt$2rdacontent
=337  \\$aohne Hilfsmittel zu benutzen$bn$2rdamedia
=338  \\$aBand$bnc$2rdacarrier
=490  0\$ascience-fiction und fantastica

