=LDR  01235nam a2200337 c 4500
=001  730163938
=003  DE-101
=005  20171201225821.0
=007  tu
=008  730603s1972\\\\gw\|||||\||||\00||||ger\\
=015  \\$a73,A23,0321$2dnb
=016  7\$2DE-101$a730163938
=020  \\$ckart. : DM 2.80
=035  \\$a(DE-599)DNB730163938
=035  \\$a(OCoLC)74111966
=040  \\$a1200$bger$cDE-101$d9999
=041  \\$ager
=044  \\$cXA-DE
=082  74$a810$aB$qDE-101$222sdnb
=100  1\$0(DE-588)118656929$0https://d-nb.info/gnd/118656929$0(DE-101)118656929$aBallard, J. G.$d1930-2009$eVerfasser$4aut$2gnd$1http://viaf.org/viaf/9842556$4http://rdaregistry.info/Elements/w/object/P10061
=245  10$aKarneval der Alligatoren$bScience-Fiction-Roman$cJ. G. Ballard. [Dt. Übers. von Inge Wiskott]
=264  \1$aMünchen$bHeyne$c1972
=300  \\$a143 S.;$c18 cm
=336  \\$aText$btxt$2rdacontent
=337  \\$aohne Hilfsmittel zu benutzen$bn$2rdamedia
=338  \\$aBand$bnc$2rdacarrier
=490  1\$aHeyne-Bücher$vNr. 3308 : Science fiction
=500  \\$aLizenz d. v. Schröder Verl., Hamburg u. Düsseldorf. - Übers. aus d. Amerikan.
=700  12$aBallard, J. G.$d1930-2009$2gnd$tThe drowned world$gdt.
=830  \0$aHeyne-Bücher$vNr. 3308 : Science fiction$943308

