=LDR  01474nam a2200325 c 4500
=001  750806184
=003  DE-101
=005  20171202005022.0
=007  tu
=008  750123s1972\\\\gw\|||||\||||\00||||ger\\
=015  \\$a75,B02,0300$2dnb
=016  7\$2DE-101$a750806184
=020  \\$qNur f. Mitgl.
=035  \\$a(DE-599)DNB750806184
=035  \\$a(OCoLC)74234465
=040  \\$a1200$bger$cDE-101$d9999
=041  \\$ager
=044  \\$cXA-DE
=084  \\$a59$a810$a820$a830$a839$a840$a850$a860$a870$a880$a890$aB$qDE-101$2sdnb
=100  1\$0(DE-588)118656929$0https://d-nb.info/gnd/118656929$0(DE-101)118656929$aBallard, J. G.$d1930-2009$eVerfasser$4aut$2gnd$1http://viaf.org/viaf/9842556$4http://rdaregistry.info/Elements/w/object/P10061
=245  10$aKristallwelt$cJ. G. Ballard. [Aus d. Engl. übers. von Margarete Bormann]
=249  \\$aTausend Jahre auf der Venus / György Botond-Bolics. [Aus d. Ungar. übers. von G. Feidl]. Der grosse summende Gott / Christopher Hodder-Williams. [Aus d. Engl. übers. von Wolfgang Vorhauer].
=264  \1$aStuttgart, Hamburg, München$bDt. Bücherbund$c[1972]
=300  \\$a712 S.;$c22 cm
=336  \\$aText$btxt$2rdacontent
=337  \\$aohne Hilfsmittel zu benutzen$bn$2rdamedia
=338  \\$aBand$bnc$2rdacarrier
=500  \\$aEinheitssacht. 1. beigef. Werk: Ezer év a Venuszon <dt.>. - Einheitssacht. 2. beigef. Werk: A fistful of digits <dt.>. - Lizenz d. v. Schröder-Verl., Hamburg u. Düsseldorf.
=700  12$aBallard, J. G.$d1930-2009$2gnd$tThe crystal world$gdt.

