=LDR  01562nam a2200349 c 4500
=001  720045495
=003  DE-101
=005  20171201223721.0
=007  tu
=008  720325s1971\\\\gw\|||||\||||\00||||ger\\
=015  \\$a72,A13,0219$2dnb
=016  7\$2DE-101$a720045495
=020  \\$a3785220111$ckart. : DM 11.00$93-7852-2011-1
=020  \\$a9783785220115$ckart. : DM 11.00$9978-3-7852-2011-5
=035  \\$a(DE-599)DNB720045495
=035  \\$a(OCoLC)721172175
=040  \\$a1200$bger$cDE-101$d9999
=041  \\$ager
=044  \\$cXA-DE
=084  \\$a59$a810$a820$a830$a839$a840$a850$a860$a870$a880$a890$aB$qDE-101$2sdnb
=245  00$aEispiloten$bScience-fiction-Erzählungen.$cHrsg. von Roger Zelazny. [Aus d. Amerikan. übertr. von Ursula Richter u. a.]
=264  \1$aMünchen$bLichtenberg-Verlag$c1971
=300  \\$a204 S.;$c21 cm.
=336  \\$aText$btxt$2rdacontent
=337  \\$aohne Hilfsmittel zu benutzen$bn$2rdamedia
=338  \\$aBand$bnc$2rdacarrier
=490  0\$ascience-fiction für kenner.
=490  1\$aNebula award stories$v3.
=500  \\$aEnthält u. a.: Wolkenspiele. / Von J. G. Ballard. [Einheitssacht.: The cloud-sculptors of Coral D. <Dt.>] - Hübsche Maggie Moneyeyes. / Von Harlan Ellison. [Einheitssacht.: Pretty Maggie Moneyeyes. <Dt.>] - Imitatio Christi. / Von Michael Moorcock. [Einheitssacht.: Behold the man. <Dt.>]
=700  1\$0(DE-588)119204428$0https://d-nb.info/gnd/119204428$0(DE-101)119204428$aZelazny, Roger$d1937-1995$eHerausgeber$4edt$2gnd
=830  \0$aNebula award stories$v3.$913

