=LDR  01231nam a2200313 c 4500
=001  455603731
=003  DE-101
=005  20200826145305.0
=007  tu
=008  941115s1970\\\\gw\|||||\||||\00||||ger\\
=016  7\$2DE-101$a455603731
=020  \\$ckart. : 14.-
=035  \\$a(DE-599)DNB455603731
=035  \\$a(OCoLC)1030404153
=035  \\$a(OCoLC)73582830
=040  \\$a1200$bger$cDE-101$d1140
=041  \\$ager
=044  \\$cXA-DE
=084  \\$a59$a810$a820$a830$a839$a840$a850$a860$a870$a880$a890$aB$qDE-101$2sdnb
=100  1\$0(DE-588)118656929$0https://d-nb.info/gnd/118656929$0(DE-101)118656929$aBallard, J. G.$d1930-2009$eVerfasser$4aut$2gnd$1http://viaf.org/viaf/9842556$4http://rdaregistry.info/Elements/w/object/P10061
=240  10$0(DE-588)104576583X$0https://d-nb.info/gnd/104576583X$0(DE-101)104576583X$aThe atrocity exhibition$2gnd
=245  10$aLiebe und Napalm, Export USA$cJ. G. Ballard. [Aus d. Amerikan. übers. von Carl Weissner]
=264  \1$aFrankfurt$bMelzer$c1970
=300  \\$a225 S.$c8
=336  \\$aText$btxt$2rdacontent
=337  \\$aohne Hilfsmittel zu benutzen$bn$2rdamedia
=338  \\$aBand$bnc$2rdacarrier
=700  1\$0(DE-588)107849410$0https://d-nb.info/gnd/107849410$0(DE-101)107849410$aWeissner, Carl$d1940-2012$eÜbersetzer$4trl$2gnd

