=LDR  01204nam a2200337 c 4500
=001  455603782
=003  DE-101
=005  20171202195812.0
=007  tu
=008  941115s1969\\\\gw\|||||\||||\00||||ger\\
=016  7\$2DE-101$a455603782
=020  \\$ckart. : 2.80
=035  \\$a(DE-599)DNB455603782
=035  \\$a(OCoLC)73582838
=040  \\$a1200$bger$cDE-101$d9999
=041  \\$ager
=044  \\$cXA-DE
=084  \\$a59$a810$a820$a830$a839$a840$a850$a860$a870$a880$a890$aB$qDE-101$2sdnb
=100  1\$0(DE-588)118656929$0https://d-nb.info/gnd/118656929$0(DE-101)118656929$aBallard, J. G.$d1930-2009$eVerfasser$4aut$2gnd$1http://viaf.org/viaf/9842556$4http://rdaregistry.info/Elements/w/object/P10061
=245  10$aDer Sturm aus dem Nichts$bUtop. Roman$cJ. G. Ballard. [Aus d. Amerikan. Dt. Übers. von Gisela Stege]
=250  \\$aNeuausg.
=259  \\$ane
=264  \1$aMünchen$bHeyne$c1969
=300  \\$a154 S.$ckl. 8
=336  \\$aText$btxt$2rdacontent
=337  \\$aohne Hilfsmittel zu benutzen$bn$2rdamedia
=338  \\$aBand$bnc$2rdacarrier
=490  1\$aHeyne-Bücher$vNr. 3158 : Science Fiction
=700  12$aBallard, J. G.$d1930-2009$2gnd$tThe wind from nowhere$gdt.
=830  \0$aHeyne-Bücher$vNr. 3158 : Science Fiction$943158

